%%%%%%%%%%%%%%% Drupal %%%%%%%%%%%%%%%%%%%%%

%% Drupal intro

@ONLINE{drupal-wap:2014:Online,
author = {Docforge.com},
title = {{Web application framework}},
year = {n.d.},
urldate = {2014-03-10},
url = {http://docforge.com/wiki/Web_application_framework},
}

%% Drupal Stats
@ONLINE{drupal-about:2013:Online,
author = {Drupal.org},
title = {{Drupal}},
year = {n.d.},
urldate = {2014-11-15},
url = {https://drupal.org}
}

@ONLINE{drupal-government:2014:Online,
author = {Drupal.org},
title = {{List of Drupal sites in government (state, provincial, or national)}},
year = {2009},
month = {March},
day = {10},
urldate = {2014-08-02},
url = {https://groups.drupal.org/government-sites}
}


%% Drupal history

@incollection{benjamin2011definitive,
  title={{Drupal’s Story: A Chain of Many Unexpected Events}},
  author={Dolin, Kasey Qynn},
  booktitle={{The Definitive Guide to Drupal 7}},
  pages={821--833},
  year={2011},
  editor={Melan{\c{c}}on, Benjamin},
  publisher={Apress}
}


%% Drupal History
@ONLINE{drupal-history:2013:Online,
author = {Drupal.org},
title = {{Drupal History}},
year = {n.d.},
urldate = {2013-11-16},
url = {https://drupal.org/about/history}
}

@proceedings{kreiss2010open,
  title={{Open Source as Practice and Ideology: The 2003-2004 Howard Dean Campaign’s Organizational and Cultural Innovations in Electoral Politics}},
  author={Kreiss, Daniel},
  booktitle={{Conference Proceedings of JITP 2010: The Politics of Open Source}},
  volume={1},
  pages={32-55},
  year={2010},
  url={http://scholarworks.umass.edu/jitpc2010/1/}
}

%% Drupal Changelog
@ONLINE{drupal-changelog:2013:Online,
author = {Drupal.org},
title = {{Drupal Changelog}},
year = {2011},
month = {January},
day = {5},
urldate = {2014-11-16},
url = {https://api.drupal.org/api/drupal/CHANGELOG.txt/7/source}
}

%% Drupal Throttle module
@ONLINE{drupal-throttle:2013:Online,
author = {Drupal.org},
title = {{Throttle module}},
year = {2005},
month = {October},
day = {29},
urldate = {2013-11-17},
url = {https://drupal.org/documentation/modules/throttle}
}

%% Drupal Civic - Dean campaign announcement at Drupal.org
@ONLINE{drupal-dean-announcement:2013:Online,
author = {Drupal.org},
title = {{Drupal empowered US presidential candidate Howard Dean}},
year = {2003},
month = {July},
day = {14},
urldate = {2014-11-18},
url = {https://drupal.org/node/2267}
}

%% Drupal Civic - Dean campaign
@ONLINE{drupal-dean-campaign:2013:Online,
author = {Dean, Katie},
title = {{Netizens Rally for Dean Team}},
journal = {Wired},
year = {2003},
month = {April},
day = {7},
urldate = {2013-11-18},
url = {http://www.wired.com/politics/law/news/2003/07/59497}
}

%% CivicSpace  - history
@ONLINE{drupal-civicspace:2013:Online,
author = {Buytaert, Dries},
title = {{A Short History of Drupal Distributions}},
journal = {Drupal Watchdog},
year = {2013},
month = {March},
urldate = {2013-11-20},
url = {http://drupalwatchdog.com/3/1/history-of-drupal-distributions}
}

@online{Cohn2008,
author = {Cohn, David},
url = {http://blog.digidave.org/2008/12/drupal-nation-software-to-power-the-left},
title = {{Drupal Nation: Software to Power the Left}},
year = {2008},
month = {December},
day = {11},
urldate = {2013-11-21}
}


%% Drupal distributions
@ONLINE{drupal-distributions:2013:Online,
author = {Drupal.org},
title = {{Distributions}},
year = {n.d.},
urldate = {2013-12-03},
url = {https://drupal.org/documentation/build/distributions}
}

%% Drupal FOSDEM 2005
@ONLINE{drupal-fosdem2005:2013:Online,
author = {FOSDEM},
title = {{Drupal Developers' room News}},
year = {2005},
month = {January},
day = {28},
urldate = {2013-12-03},
url = {https://archive.fosdem.org/2005/2005/index/dev_room_drupal.html}
}

%% DrupalCons
@ONLINE{drupal-drupalcons:2013:Online,
author = {Drupal.org},
title = {{DrupalCon}},
year = {n.d.},
urldate = {2013-12-04},
url = {https://drupal.org/drupalcon}
}

@ONLINE{drupal-drupalcon-sidney2013:2013:Online,
author = {{DrupalCon Sidney}},
title = {{DrupalCon Sidney 2013}},
year = {2013},
month = {February},
urldate = {2013-12-04},
url = {http://sydney2013.drupal.org/}
}

@ONLINE{drupal-drupalcon-cusco2014:2013:Online,
author = {DrupalPicchu},
title = {{DrupalPicchu 2014}},
year = {n.d.},
urldate = {2013-12-05},
url = {http://picchu2014.dlatino.org}
}

@ONLINE{drupal-drupalcon-latino:2014:Online,
author = {Drupal.org},
title = {{DrupalCon Latin America 2015 Site is Selected}},
year = {2014},
month = {March},
day = {21},
urldate = {2014-08-05},
url = {https://assoc.drupal.org/content/drupalcon-latin-america-2015-site-selected}
}

@ONLINE{drupal-association-announcement:2013:Online,
author = {{Drupal Association}},
title = {{Announcing: The Drupal Association}},
year = {2007},
month = {January},
day = {15},
urldate = {2013-12-06},
url = {https://association.drupal.org/node/71}
}

@ONLINE{drupal-association-about:2013:Online,
author = {{Drupal Association}},
title = {{About the Drupal Association}},
year = {n.d.},
urldate = {2013-12-10},
url = {https://association.drupal.org/about}
}

@ONLINE{drupal-5-release:Online,
author = {Drupal.org},
title = {{Drupal 5.0 released}},
year = {2007},
month = {January},
day = {15},
urldate = {2013-12-08},
url = {https://drupal.org/drupal-5.0}
}

@ONLINE{drupal-acquia-announcement:Online,
author = {Buytaert, Dries},
title = {{Acquia, my Drupal startup}},
year = {2007},
month = {November},
day = {30},
urldate = {2013-12-09},
url = {http://buytaert.net/acquia-my-drupal-startup}
}

@ONLINE{drupal-6-release:Online,
author = {Drupal.org},
title = {{Drupal 6.0 released}},
year = {2008},
month = {February},
day = {13},
urldate = {2013-12-08},
url = {https://drupal.org/drupal-6.0}
}

@ONLINE{drupal-whitehouse-announcement:Online,
author = {Drupal.org},
title = {{Whitehouse.gov re-launches on Drupal and engages the Drupal community at DC users meeting}},
year = {2009},
month = {November},
day = {18},
urldate = {2013-12-10},
url = {https://drupal.org/whitehouse-gov-launches-on-drupal-engages-community}
}

@ONLINE{drupal-whitehouse-critics:Online,
author = {Wilson, Chris},
title = {{Why running the White House Web site on Drupal is a political disaster waiting to happen}},
year = {2009},
month = {October},
day = {27},
urldate = {2013-12-14},
url = {http://www.slate.com/articles/news_and_politics/politics/2009/10/message_error.html}
}

@report{Scollan2008,
author = { Scollan, Becham and Byrnes, Abby and Nagle, Malia and Coyle, Paul and York, Cynthia and Ingram, Maleka},
title = {{Drupal Usability Research Report}},
url = {https://groups.drupal.org/files/DrupalUsabilityResearchReport.pdf},
institution = {{Interaction Design \& Information Architecture, University of Baltimore}},
year = {2008}
}

@ONLINE{acquia-usability:Online,
author = {Buytaert, Dries},
title = {{Mark Boulton to help with Drupal 7}},
year = {n.d.},
urldate = {2013-12-16},
url = {http://acquia.com/blog/mark-boulton-help-drupal-7}
}

@ONLINE{drupal-7-release:Online,
author = {Drupal.org},
title = {{Drupal 7.0 is released!}},
year = {2011},
month = {January},
day = {5},
urldate = {2013-12-08},
url = {https://drupal.org/drupal-7-released}
}

@ONLINE{drupal-core-stats:Online,
author = {Drupal.org},
title = {{Usage statistics for Drupal core}},
year = {n.d.},
urldate = {2013-12-16},
url = {https://drupal.org/project/usage/drupal}
}

@ONLINE{drupal-core-initiatives:Online,
author = {Drupal.org},
title = {{Drupal 8 Initiatives}},
year = {n.d.},
urldate = {2013-12-16},
url = {https://drupal.org/node/2107085}
}


@ONLINE{drupal-symfony-announcement:Online,
author = {Buytaert, Dries},
title = {{The future is a RESTful Drupal}},
year = {2012},
month = {February},
day = {16},
urldate = {2013-12-17},
url = {http://buytaert.net/the-future-is-a-restful-drupal}
}

@ONLINE{drupal-backdrop:Online,
author = {Backdropcms.org},
title = {{Introducing Backdrop}},
year = {n.d.},
urldate = {2013-12-17},
url = {http://backdropcms.org/}
}
%% Drupal external initiatives

@ONLINE{drupalfundus:2013:Online,
author = {Drupalfund.us},
title = {{Crowdfunded Drupal Development}},
year = {n.d.},
urldate = {2013-10-16},
url = {https://www.drupalfund.us/about-us}
}

@ONLINE{topshelfmodules:2013:Online,
author = {Topshelfmodules.com},
title = {{Top Shelf Modules}},
year = {n.d.},
urldate = {2013-10-16},
url = {http://topshelfmodules.com/strategy/business-solution}
}

@ONLINE{ctrock:2013:Online,
author = {certifiedtorock.com},
title = {{Certified to Rock}},
year = {n.d.},
urldate = {2013-10-16},
url = {http://certifiedtorock.com/about-certified-to-rock-for-drupal}
}

@ONLINE{drupal-ready-ready:2013:Online,
author = {Pearce, Rohan},
title = {{Drupal 8 to take open source CMS `to the next level'}},
year = {2013},
month = {December},
day = {19},
urldate = {2013-12-20},
url = {http://www.computerworld.com.au/article/534600/drupal_8_take_open_source_cms_next_level_/}
}

@ONLINE{drupal-core-release-cycle:2014:Online,
author = {Drupal.org},
title = {{Drupal core release cycle}},
year = {2014},
month = {November},
day = {28},
urldate = {2014-12-01},
url = {https://www.drupal.org/core/release-cycle}
}

@ONLINE{drupal-drop-moving:2014:Online,
author = {Drupal.org},
title = {{Backward compatibility for data, not code}},
year = {n.d.},
urldate = {2014-09-25},
url = {https://www.drupal.org/node/65922}
}

@ONLINE{drupal-8-beta-announcement:2014:Online,
author = {Drupal.org},
title = {{Today there are zero Drupal 8 beta blockers! Here's what's next}},
year = {2014},
month = {September},
day = {19},
urldate = {2014-09-25},
url = {https://groups.drupal.org/node/443118}
}

@ONLINE{drupal-8-beta-1-announcement:2014:Online,
author = {Drupal.org},
title = {{Drupal 8.0.0 beta 1 released}},
year = {2014},
month = {October},
day = {1},
urldate = {2014-10-03},
url = {https://www.drupal.org/drupal-8.0.0-beta1}
}

@ONLINE{drupal-8-beta-blocker:2014:Online,
author = {Drupal.org},
title = {{Beta blocker deadline target what? A quick guide to Drupal 8 release management tags}},
year = {2014},
month = {May},
day = {26},
urldate = {2014-09-30},
url = {https://groups.drupal.org/node/424518}
}

@ONLINE{buytaert-oss-scaling:2014:Online,
author = {Buytaert, Dries},
title = {{Scaling Open Source communities}},
year = {2014},
month = {September},
day = {30},
urldate = {2014-10-03},
url = {http://buytaert.net/scaling-open-source-communities}
}

@ONLINE{buytaert-oss-keynote-dcon14amsterdam:2014:Online,
author = {Buytaert, Dries},
title = {{Keynote: Dries Buytaert (DrupalCon Amsterdam 2014)}},
year = {2014},
month = {September},
urldate = {2014-10-12},
url = {https://amsterdam2014.drupal.org/keynote-dries-buytaert}
}

@article{Rogers2014,
  title={{Will the Drupal revolution be Drupalized?}},
  author={Rogers, Nedjo},
  journal={Drupal Watchdog},
  pages={78--83},
  year={2014},
  month={September},
}

@ONLINE{kein-debate-1:2014:Online,
author = {Kane, Victor},
title = {{Historic DrupalCon Amsterdam 2014 - Let the Debates Begin - Part I}},
year = {2014},
month = {October},
day = {4},
urldate = {2014-10-06},
url = {http://awebfactory.com/node/529}
}

@ONLINE{kein-debate-2:2014:Online,
author = {Kane, Victor},
title = {{Historic DrupalCon Amsterdam 2014 - Let's get to the bottom of Headless Drupal}},
year = {2014},
month = {October},
day = {6},
urldate = {2014-10-08},
url = {http://awebfactory.com/node/530}
}

%% Drupal - organisation

@proceedings{Moghaddam2012,
 author = {Zilouchian-Moghaddam, Roshanak and Bailey, Brian and Fu, Wai-Tat},
 title = {{Consensus Building in Open Source User Interface Design Discussions}},
 booktitle = {{Proceedings of the SIGCHI Conference on Human Factors in Computing Systems}},
 series = {CHI '12},
 year = {2012},
 isbn = {978-1-4503-1015-4},
 location = {Austin, Texas, USA},
 pages = {1491--1500},
 numpages = {10},
 url = {http://doi.acm.org/10.1145/2207676.2208611},
 doi = {10.1145/2207676.2208611},
 acmid = {2208611},
 publisher = {ACM},
 address = {New York, NY, USA},
 keywords = {consensus, design discussion, open source software},
}


@proceedings{Zilouchian2011,
 author = {Zilouchian-Moghaddam, Roshanak and Twidale, Michael and Bongen, Kora},
 title = {{Open Source Interface Politics: Identity, Acceptance, Trust, and Lobbying}},
 booktitle = {{CHI '11 Extended Abstracts on Human Factors in Computing Systems}},
 series = {CHI EA '11},
 year = {2011},
 isbn = {978-1-4503-0268-5},
 location = {Vancouver, BC, Canada},
 pages = {1723--1728},
 numpages = {6},
 url = {http://doi.acm.org/10.1145/1979742.1979835},
 doi = {10.1145/1979742.1979835},
 acmid = {1979835},
 publisher = {ACM},
 address = {New York, NY, USA},
 keywords = {lobbying, open source, politics, usability},
}

@report{nordin2013development,
  title={{Development of a questionnaire to study motivations of Drupal contributors}},
  author={Nordin, Dani and Meir, Adi},
  url={http://swww.drupalfordesignersbook.com/sites/default/files/project-downloads/Drupal_SurveyPilot.pdf},
  year={2013}
}

@inproceedings{lundell2014influences,
  title={{On influences between software standards and their implementations in open source projects: Experiences from RDFa and its implementation in Drupal}},
  author={Lundell, Bj{\"o}rn and Gamalielsson, Jonas and Grahn, Alexander and Feist, Jonas and Gustavsson, Tomas and Strindberg, Henrik},
  booktitle={{Proceedings of The International Symposium on Open Collaboration}},
  pages={3},
  year={2014},
  organization={ACM}
}

%% Drupal AT

@ONLINE{drupal-modules:Online,
author = {Drupal.org},
title = {{Module developer's guide}},
year = {2004},
month = {November},
day = {20},
urldate = {2014-01-15},
url = {https://drupal.org/developing/modules}
}

%% Master Thesis
@mastersthesis{Huang2010,
author = {Huang, Hao-Yun},
file = {:home/drozas/Dropbox/papers\_mendeley/H\_huang\_112910.pdf:pdf},
keywords = {drupal,drupal as use case,master thesis,organization,sna},
mendeley-groups = {Drupal,FLOSS/SNA,Thesis/Master Thesis},
mendeley-tags = {drupal,drupal as use case,master thesis,organization,sna},
number = {December},
title = {{Analysis of the Structure and Evolution of an Open-Source Community}},
year = {2010}
}

%% Master Thesis
@mastersthesis{Mckelvey2008,
abstract = {Master thesis on alternative structurations of web 2.0: pirate bay and Drupal},
author = {Mckelvey, Fenwick},
title = {{The Code and Politics of Drupal and the Pirate Bay : Alternative Horizons of Web2.0}},
year = {2008}
}

%%% Drupal - Qualitative (PhD ongoing)
@article{Moon2013,
author = {Moon, Eunyoung},
keywords = {drupal,drupal as use case,methodology,pilot study,qualitative},
mendeley-groups = {Drupal},
mendeley-tags = {drupal,drupal as use case,methodology,pilot study,qualitative},
pages = {1--10},
title = {{Free / Libre Open Source Software users local Face-to-Face Meetings in career-related activities}},
year = {2013}
}

%% Master thesis
@mastersthesis{Weikel2009,
author = {Weikel, Bradley N.},
file = {:home/drozas/Dropbox/papers\_mendeley/weikelBradley.pdf:pdf},
keywords = {drupal,drupal as use case,master thesis},
mendeley-groups = {Drupal,Thesis/Master Thesis},
mendeley-tags = {drupal,drupal as use case,master thesis},
title = {{From coding to community}},
url = {http://www.library.georgetown.edu/DGViewer},
year = {2009}
}

@article{Huang2011,
  title={{Analysis of the structure and evolution of an open-source community}},
  author={Huang, Hao-Yun and Le, Qize and Panchal, Jitesh H},
  journal={Journal of Computing and Information Science in Engineering},
  volume={11},
  number={3},
  pages={1--14},
  year={2011},
  publisher={American Society of Mechanical Engineers},
  doi={http://dx.doi.org/10.1115/1.3615677}
}

%%%%%%%%%%%%%%% CBPP %%%%%%%%%%%%%%%%%%%%%


@ARTICLE{benkler2006commons,
author = {Benkler, Yochai and Nissenbaum, Helen},
title = {{Commons-based Peer Production and Virtue}},
journal = {Journal of Political Philosophy},
volume = {14},
number = {4},
publisher = {Blackwell Publishing Ltd},
issn = {1467-9760},
url = {http://dx.doi.org/10.1111/j.1467-9760.2006.00235.x},
doi = {10.1111/j.1467-9760.2006.00235.x},
pages = {394--419},
year = {2006}
}

@article{Benkler2002,
 ISSN = {00440094},
 URL = {http://www.jstor.org/stable/1562247},
 author = {Yochai Benkler},
 journal = {The Yale Law Journal},
 number = {3},
 pages = {369-446},
 publisher = {The Yale Law Journal Company, Inc.},
 title = {{Coase's Penguin, or, Linux and ``The Nature of the Firm"}},
 volume = {112},
 year = {2002}
}

@book{benkler2006wealth,
  title={{The wealth of networks: How social production transforms markets and freedom}},
  author={Benkler, Yochai},
  year={2006},
  publisher={Yale University Press}
}

@article{lafuente2007cuatro,
  title={Los cuatro entornos del procom{\'u}n},
  author={Lafuente, Antonio},
  journal={Cuadernos de cr{\'\i}tica de la cultura},
  publisher={Editorial Archipi{\'e}lago},
  number={77-78},
  pages={15--22},
  year={2007},
  url={http://hdl.handle.net/10261/2746}
}

@book{alfonso1972siete,
  title={{Las siete partidas del rey don Alfonso el Sabio: cotejadas con varios c{\'o}dices antiguos}},
  author={L{\'o}pez, Gregorio and others},
  volume={1},
  year={1972},
  publisher={Ediciones Atlas}
}

@book{gevaber1776,
  title={{Corpvs Ivris Civilis}},
  author={Gev{\'a}ber, Georgivs Christianvs and Spangenberg, Georgivs Avgvstvs},
  volume={1},
  year={1776},
  url = {https://books.google.co.uk/books?id=Ll5EAAAAcAAJ}
}

@incollection{ostrom1999public,
  title={{Public goods and public choices}},
  author={Ostrom, Vincent and Ostrom, Elinor},
  booktitle={{Polycentricity and local public economies: Readings from the Workshop in Political Theory and Policy Analysis}},
  chapter={3},
  pages={75--105},
  editor = {McGinnis, Michael D},
  publisher = {University of Michigan Press},
  year={1999}
}

@book{weimer2005policy,
  title={{Policy analysis: Concepts and Practice}},
  author={Weimer, David L and Vining, Aidan R},
  year={2017},
  edition={6},
  publisher={Routledge}
}

@article{hess2007introduction,
  title={{Introduction: An overview of the knowledge commons}},
  author={Hess, Charlotte and Ostrom, Elinor},
  year={2007},
  publisher={MIT Press}
}

@article{hardin1968tragedy,
  title = {{The Tragedy of the Commons}},
  author={Hardin, Garrett},
	volume = {162},
	number = {3859},
	pages = {1243--1248},
	year = {1968},
	doi = {10.1126/science.162.3859.1243},
	publisher = {American Association for the Advancement of Science},
	abstract = {The population problem has no technical solution; it requires a fundamental extension in morality.},
	issn = {0036-8075},
	URL = {http://science.sciencemag.org/content/162/3859/1243},
	journal = {Science}
}

@book{weber2004success,
  title={{The success of open source}},
  author={Weber, Steve},
  year={2004},
  publisher={Harvard University Press}
}

%%%%%%%%%%%%%%% Peer Production %%%%%%%%%%%%%%%%%%%%%%

@ONLINE{cbpp-definition-open-value-network:Online,
author = {{Open Value Network}},
title = {{Commons-based peer production}},
year = {2013},
urldate = {2014-04-28},
url = {http://valuenetwork.referata.com/wiki/Commons-based_peer_production}
}

@ONLINE{ova-value:Online,
author = {{Open Value Network}},
title = {{Value}},
year = {2014},
urldate = {2014-11-20},
url = {http://valuenetwork.referata.com/wiki/Value}
}

@incollection{BenklerAaron2013,
author = {Benkler, Yochai and  Shaw, Aaron and Mako Hill, Benjamin},
pages = {175-204},
title = {{Peer production: A form of collective intelligence}},
booktitle = {{Handbook of collective intelligence}},
editor = {Malone, Thomas and Bernstein, Michael},
year = {2015},
publisher = {MIT Press},
url = {http://cci.mit.edu/CIchapterlinks.html}
}

@ONLINE{drupal-licenses:2014:Online,
author = {Drupal.org},
title = {{Licensing FAQ}},
year = {n.d.},
urldate = {2014-03-21},
url = {https://drupal.org/licensing/faq}
}

@ONLINE{wikipapers-wikipedia-journals:2014:Online,
author = {Wikipapers},
title = {{List of journal articles}},
year = {n.d.},
urldate = {2014-09-29},
url = {http://wikipapers.referata.com/wiki/List_of_journal_articles}
}

@ONLINE{wikipapers-wikipedia-thesis:2014:Online,
author = {Wikipapers},
title = {{List of doctoral theses}},
year = {n.d.},
urldate = {2014-09-29},
url = {http://wikipapers.referata.com/wiki/List_of_doctoral_theses}
}

@ONLINE{p2pvalue-concepts:2014:Online,
author = {P2Pvalue},
title = {{Concepts and Objectives}},
year = {2013},
month = {October},
day = {1},
urldate = {2014-09-27},
url = {http://www.p2pvalue.eu/project/concept-and-objectives}
}

@ONLINE{flok-que:2014:Online,
author = {{FLOK Society}},
title = {{Acerca de}},
year = {n.d.},
urldate = {2014-09-28},
url = {http://floksociety.org/que-es-esto/}
}

@article{bauwens2005political,
  title={{The political economy of peer production}},
  author={Bauwens, Michel},
  journal={CTheory},
  volume={1},
  year={2005},
  url = {https://mmduvic.ca/index.php/ctheory/article/view/14464/5306}
}

@book{bruns2008blogs,
  title={{Blogs, Wikipedia, Second Life, and beyond: From production to produsage}},
  author={Bruns, Axel},
  volume={45},
  year={2008},
  publisher={Peter Lang}
}


%%%%%%%%%%%%%%% FLOSS %%%%%%%%%%%%%%%%%%%%%


%%% FLOSS -intro

@book{stallman2002free,
  title={{Free software, free society: Selected essays of Richard M. Stallman}},
  author={Stallman, Richard},
  year={2002},
  publisher={SoHo Books},
  editor={Gay, Joshua},
  edition={1}
}

@ONLINE{ibm:2014:Online,
author = {IBM},
title = {{Chronological History of IBM}},
year = {2003},
month = {January},
day = {23},
urldate = {2014-03-21},
url = {http://www-03.ibm.com/ibm/history/history/decade_1960.html}
}

@ONLINE{unix:2014:Online,
author = {Unix.org},
title = {{History and Timeline}},
year = {n.d.},
urldate = {2014-03-21},
url = {http://www.unix.org/what_is_unix/history_timeline.html}
}

@book{kelty2008two,
  title={{Two bits: The cultural significance of free software}},
  author={Kelty, Christopher M},
  year={2008},
  publisher={Duke University Press},
  url={http://twobits.net/download/index.html}
}

@book{holt2013hackers,
  title={{Hackers and Hacking: A Reference Handbook}},
  author={Holt, Thomas J and Schell, Bernadette H},
  year={2013},
  pages={17-25},
  publisher={ABC-CLIO}
}

@ONLINE{fsf-gnu-overview:2014:Online,
author = {{Free Software Foundation}},
title = {{Overview of the GNU System}},
year = {n.d.},
urldate = {2014-03-24},
url = {https://www.gnu.org/gnu/gnu-history.html}
}

@ONLINE{fsf-gnu-initial:2014:Online,
author = {{Free Software Foundation}},
title = {{GNU - Initial announcement}},
year = {1983},
month = {September},
day = {27},
urldate = {2014-03-24},
url = {https://www.gnu.org/gnu/initial-announcement.html}
}

@book{levy1984hackers,
  title={{Hackers: Heroes of the computer revolution}},
  author={Levy, Steven},
  year={2010},
  pages={27--35},
  publisher={O'Reilly}
}

@ONLINE{fsf-why-fs-oss:2014:Online,
author = {{Free Software Foundation}},
title = {{Why ``Free Software" is better than ``Open Source"}},
year = {n.d.},
urldate = {2014-03-25},
url = {https://www.gnu.org/philosophy/free-software-for-freedom.html}
}

@ONLINE{osi-oss-fs:2014:Online,
author = {{Open Source Initiative}},
title = {{FAQ --- What is ``free software" and is it the same as ``open source"?}},
year = {n.d.},
urldate = {2014-03-26},
url = {http://opensource.org/faq#free-software}
}

@ONLINE{linux-gnu-fs:2014:Online,
author = {{Gnu.org}},
title = {{Linux and the GNU System}},
year = {n.d.},
urldate = {2014-03-26},
url = {http://www.gnu.org/gnu/linux-and-gnu.html}
}

@ONLINE{gnu-hurd:2014:Online,
author = {{Gnu.org}},
title = {{GNU Hurd / history}},
year = {n.d.},
urldate = {2014-03-26},
url = {https://www.gnu.org/software/hurd/history.html}
}

@book{torvalds2001just,
  title={{Just for fun: The story of an accidental revolutionary}},
  author={Torvalds, Linus and Diamond, David},
  year={2001},
  publisher={Harper}
}

@ONLINE{linux-website-stats:2014:Online,
author = {{W3Techs}},
title = {{Usage statistics and market share of Unix for websites}},
year = {2014},
month = {February},
urldate = {2014-03-27},
url = {http://w3techs.com/technologies/details/os-unix/all/all}
}

@ONLINE{linux-desktop-stats:2014:Online,
author = {{W3Counter}},
title = {{ Browser \& Platform Market Share February 2014}},
year = {2014},
month = {February},
day = {28},
urldate = {2014-03-05},
url = {http://www.w3counter.com/globalstats.php?year=2014&month=02}
}

@ONLINE{linux-smartphones-stats:2013:Online,
author = {{IDC Worldwide Mobile Phone Tracker}},
title = {{Market Share: Mobile Communication Devices by Region and Country, 3Q11}},
year = {2011},
month = {November},
day = {14},
urldate = {2014-03-05},
url = {http://www.idc.com/getdoc.jsp?containerId=prUS23946013}
}

@ONLINE{osi-history:2014:Online,
author = {{Open Source Initiative}},
title = {{History of the OSI}},
year = {n.d.},
urldate = {2014-03-27},
url = {http://opensource.org/history}
}

@ONLINE{cbpp-definition-p2pfoundation:Online,
author = {{P2P Foundation}},
title = {{Commons-based peer production}},
year = {2008},
month = {November},
day = {20},
urldate = {2014-11-01},
url = {http://p2pfoundation.net/Commons-Based_Peer_Production}
}

@incollection{deshpande2008total,
title={{The total growth of open source}},
author="Deshpande, Amit and Riehle, Dirk",
editor="Russo, Barbara and Damiani, Ernesto and Hissam, Scott and Lundell, Bj{\"o}rn and Succi, Giancarlo",
bookTitle={{Open Source Development, Communities and Quality. OSS 2008. IFIP --- The International Federation for Information Processing}},
year="2008",
volume=275,
publisher="Springer US",
address="Boston, MA",
pages="197--209",
isbn="978-0-387-09684-1",
doi="10.1007/978-0-387-09684-1_16",
url="http://dx.doi.org/10.1007/978-0-387-09684-1_16"
}

@article{berners1992world,
title = "The world-wide web",
journal = "Computer Networks and ISDN Systems",
volume = "25",
number = "4",
pages = "454 - 459",
year = "1992",
issn = "0169-7552",
doi = "http://dx.doi.org/10.1016/0169-7552(92)90039-S",
url = "http://www.sciencedirect.com/science/article/pii/016975529290039S",
author={Berners-Lee, Tim and Cailliau, Robert and Groff, Jean-Fran{\c{c}}ois and Pollermann, Bernd},
keywords = "global information",
keywords = "hypertext",
keywords = "world-wide web",
keywords = "networked information retrieval",
keywords = "application",
keywords = "browser",
keywords = "server"
}

@ONLINE{linux-congress97:2013:Online,
author = {{Linux Congress}},
title = {{The Cathedral an the Bazaar}},
year = {1997},
month = {May},
urldate = {2014-03-18},
url = {http://www.linux-kongress.org/1997/raymond.html}
}

@ONLINE{netscape-annoucement:1998:Online,
author = {{Netscape.com}},
title = {{Netscape announces plans to make next-generation communicator source code available free on the net}},
year = {1998},
month = {January},
day = {22},
urldate = {2014-03-18},
url = {http://web.archive.org/web/19981205160727/http://www7.netscape.com/newsref/pr/newsrelease558.html}
}

@ONLINE{osi-history:1998:Online,
author = {Raymond, Eric S.},
title = {{History of the Open Source effort}},
year = {1998},
urldate = {2014-03-18},
url = {http://web.archive.org/web/19981206185148/http://www.opensource.org/history.html}
}

@ONLINE{osi-osd:2014:Online,
author = {{Open Source Initiative}},
title = {{The Open Source Definition}},
year = {n.d.},
urldate = {2014-03-18},
url = {http://opensource.org/osd}
}

@ONLINE{osi-bsd3:2014:Online,
author = {{Open Source Initiative}},
title = {{The BSD 3-Clause License}},
year = {n.d.},
urldate = {2014-03-19},
url = {http://opensource.org/licenses/BSD-3-Clause}
}

@ONLINE{osi-artistic1:2014:Online,
author = {{Open Source Initiative}},
title = {{Artistic License 1.0 (Artistic-1.0)}},
year = {n.d.},
urldate = {2014-03-19},
url = {http://opensource.org/licenses/Artistic-1.0}
}

@ONLINE{fsf-artistic1:2014:Online,
author = {{Free Software Foundation}},
title = {{Various Licenses and Comments about Them --- Artistic License 1.0}},
year = {n.d.},
urldate = {2014-03-19},
url = {https://www.gnu.org/licenses/license-list.html#ArtisticLicense}
}

@ONLINE{fsf-bsd:2014:Online,
author = {{Free Software Foundation}},
title = {{Various Licenses and Comments about Them --- Original BSD License}},
year = {n.d.},
urldate = {2014-03-19},
url = {https://www.gnu.org/licenses/license-list.html#OriginalBSD}
}

@report{ghosh2007economic,
author={Ghosh, Rishab Aiyer},
title = {{Economic impact of open source software on innovation and the competitiveness of the Information and Communication Technologies (ICT) sector in the EU}},
year = {2006},
institution={MERIT},
url = {http://ec.europa.eu/enterprise/ict/policy/doc/2006-11-20-flossimpact.pdf}
}

@article{schoonmaker2007globalization,
author = {Schoonmaker, Sara},
title = {{Globalization from Below: Free Software and Alternatives to Neoliberalism}},
journal = {Development and Change},
volume = {38},
number = {6},
publisher = {Blackwell Publishing Ltd},
issn = {1467-7660},
url = {http://dx.doi.org/10.1111/j.1467-7660.2007.00462.x},
doi = {10.1111/j.1467-7660.2007.00462.x},
pages = {999--1020},
year = {2007},
}

@online{uk-government-manual:2014:Online,
  title={{Government Service Design Manual - Choosing technology}},
  author={Gov.uk},
  year = {2014},
  urldate = {2014-03-10}, 
  url = {https://www.gov.uk/service-manual/making-software/choosing-technology}
}

@online{browser-stats-may2007:2014:Online,
  title={{Browser \& Platform Market Share  May 2007}},
  author={W3Counter},
  urldate = {2014-03-05}, 
  year = {2007},
  month = {May},
  day = {31},
  url = {http://www.w3counter.com/globalstats.php?year=2007&month=5}
}

@online{browser-stats-dec2016:Online,
  title={{ Browser and Platform Market Share December 2016}},
  author={W3Counter},
  urldate = {2017-01-15}, 
  year = {2016},
  month = {December},
  day = {31},
  url = {https://www.w3counter.com/globalstats.php?year=2016&month=12}
}

@online{webserver-stats:Online,
  title={{Usage of web servers for websites}},
  author={W3Techs},
  urldate = {2017-01-15}, 
  year = {2015},
  month = {January},
  day = {8},
  url = {https://w3techs.com/technologies/overview/web_server/all}
}

@online{fsf-floss-foss:2014:Online,
  author = {Stallman, Richard},
  title = {{FLOSS and FOSS}},
  urldate = {2014-03-05}, 
  year = {n.d.},
  url = {https://www.gnu.org/philosophy/floss-and-foss.html}
}

@article{ruparelia2010history,
 title={{The history of version control}},
 author = {Ruparelia, Nayan B.},
 journal = {SIGSOFT Softw. Eng. Notes},
 issue_date = {January 2010},
 volume = {35},
 number = {1},
 month = jan,
 year = {2010},
 issn = {0163-5948},
 pages = {5--9},
 numpages = {5},
 url = {http://doi.acm.org/10.1145/1668862.1668876},
 doi = {10.1145/1668862.1668876},
 acmid = {1668876},
 publisher = {ACM},
 address = {New York, NY, USA},
}

@ONLINE{ohloh-repos:2010:Online,
author = {Ohloh.net},
title = {{Compare repositories}},
year = {2010},
month = {August},
urldate = {2014-03-31},
url = {http://web.archive.org/web/20100821122603/http://www.ohloh.net/repositories/compare}
}

@ONLINE{ohloh-repos:2014:Online,
author = {Ohloh.net},
title = {{Compare repositories}},
year = {2014},
month = {March},
day = {31},
urldate = {2014-03-31},
url = {http://www.ohloh.net/repositories/compare}
}

@ONLINE{drupal-migration-git:Online,
author = {Drupal.org},
title = {{Evaluation discussion for how to move Drupal.org off of CVS}},
urldate = {2014-09-26},
year = {2010},
month = {February},
day = {5},
url = {https://groups.drupal.org/node/48818}
}

%%% FLOSS - Motivation

@article{Hertel2003,
author = {Hertel, Guido and Niedner, Sven and Herrmann, Stefanie},
issn = {00487333},
journal = {Research Policy},
number = {7},
pages = {1159-1177},
title = {{Motivation of software developers in Open Source projects: an Internet-based survey of contributors to the Linux kernel}},
volume = {32},
year = {2003},
issn = "0048-7333",
doi = "http://dx.doi.org/10.1016/S0048-7333(03)00047-7",
url = "http://www.sciencedirect.com/science/article/pii/S0048733303000477"
}

@article{VonKrogh2007,
author = {Von Krogh, Georg and Spaeth, Sebastian},
doi = {10.1016/j.jsis.2007.06.001},
issn = {09638687},
journal = {The Journal of Strategic Information Systems},
keywords = {innovation,interdisciplinary research,open source software},
number = {3},
pages = {236-253},
title = {{The open source software phenomenon: Characteristics that promote research}},
url = {http://linkinghub.elsevier.com/retrieve/pii/S096386870700025X},
volume = {16},
year = {2007}
}

@article{Bagozzi2006,
 ISSN = {00251909, 15265501},
 URL = {http://www.jstor.org/stable/20110583},
 author = {Richard P. Bagozzi and Utpal M. Dholakia},
 journal = {Management Science},
 number = {7},
 pages = {1099-1115},
 publisher = {INFORMS},
 title = {{Open Source Software User Communities: A Study of Participation in Linux User Groups}},
 volume = {52},
 year = {2006}
}

@article{Roberts2006,
author = {Roberts, Jeffrey A. and Hann, Il-Horn and Slaughter, Sandra A.},
year = {2006},
jstor_articletype = {research-article},
title = {{Understanding the Motivations, Participation, and Performance of Open Source Software Developers: A Longitudinal Study of the Apache Projects}},
journal = {Management Science},
jstor_issuetitle = {{Open Source Software}},
volume = {52},
number = {7},
jstor_formatteddate = {Jul., 2006},
pages = {984-999},
url = {http://www.jstor.org/stable/20110575},
ISSN = {00251909},
language = {English},
publisher = {INFORMS},
}

@article{Mockus2002,
author = {Mockus, Audris and Fielding, Roy T. and Herbsleb, James D.},
title = {{Two case studies of open source software development: Apache and Mozilla}},
journal = {ACM Trans. Softw. Eng. Methodol.},
issue_date = {July 2002},
volume = {11},
number = {3},
month = jul,
year = {2002},
issn = {1049-331X},
pages = {309--346},
numpages = {38},
url = {http://doi.acm.org/10.1145/567793.567795},
doi = {10.1145/567793.567795},
acmid = {567795},
publisher = {ACM},
address = {New York, NY, USA},
keywords = {Apache, Mozilla, Open source software, code ownership, defect density, repair interval}
}

%%% FLOSS - Organisation

@article{Hippel2003,
jstor_articletype = {research-article},
title = {{Open Source Software and the ``Private-Collective" Innovation Model: Issues for Organization Science}},
author = {Eric Von Hippel and Georg Von Krogh},
journal = {Organization Science},
jstor_issuetitle = {},
volume = {14},
number = {2},
jstor_formatteddate = {Mar. - Apr., 2003},
pages = {209-223},
url = {http://www.jstor.org/stable/4135161},
ISSN = {10477039},
language = {English},
year = {2003},
publisher = {INFORMS}
}

@article{Baldwin2006,
 ISSN = {00251909, 15265501},
 URL = {http://www.jstor.org/stable/20110584},
 abstract = {This paper argues that the architecture of a codebase is a critical factor that lies at the heart of the open source development process. We define two observable properties of an architecture: (1) modularity and (2) option value. Developers can often make informed judgments about modularity and option value from early, partially implemented code releases. We show that codebases that are more modular or have more option value (1) increase developers' incentives to join and remain involved in an open source development effort and (2) decrease the amount of free riding in equilibrium. These effects occur because modularity and option value create opportunities for the exchange of valuable work among developers, opportunities that do not exist in codebases that are not modular or have no option value.},
 author = {Carliss Y. Baldwin and Kim B. Clark},
 journal = {Management Science},
 number = {7},
 pages = {1116-1127},
 publisher = {INFORMS},
 title = {{The Architecture of Participation: Does Code Architecture Mitigate Free Riding in the Open Source Development Model?}},
 volume = {52},
 year = {2006}
}
  
  
@book{Raymond2001,
 author = {Raymond, Eric S},
 title = {{The  Cathedral \& the Bazaar: Musings on Linux and Open Source by an Accidental Revolutionary}},
 year = {2001},
 isbn = {0596001088},
 publisher = {O'Reilly},
 edition = {revised}
} 

@article{Demil2006,
author = {Demil, B. and Lecocq, Z.},
title = {{Neither Market nor Hierarchy nor Network: The Emergence of Bazaar Governance}},
journal = {Organization Studies},
volume = {27},
number = {10},
pages = {1447-1466},
year = {2006},
doi = {10.1177/0170840606067250}
}

@article{Stewart2005,
author={Stewart,Daniel},
year={2005},
month={10},
title={{Social Status in an Open-Source Community}},
journal={American Sociological Review},
volume={70},
number={5},
pages={823-842},
isbn={00031224},
language={English},
doi = {10.1177/000312240507000505},
URL = {http://dx.doi.org/10.1177/000312240507000505},
}

@inbook{Mahony2011,
author = {O'Mahony, Siobhan  and Lakhani, Karim R.},
title = {{Organizations in the Shadow of Communities}},
booktitle = {{Communities and Organizations}},
chapter = {7},
pages = {3-36},
year={2011},
doi = {10.1108/S0733-558X(2011)0000033004},
URL = {http://www.emeraldinsight.com/doi/abs/10.1108/S0733-558X%282011%290000033004}
}

%%% FLOSS - Economics

@article {Lerner2002,
author = {Lerner, Josh and Tirole, Jean},
title = {{Some Simple Economics of Open Source}},
journal = {The Journal of Industrial Economics},
volume = {50},
number = {2},
publisher = {Blackwell Publishers Ltd},
issn = {1467-6451},
url = {http://dx.doi.org/10.1111/1467-6451.00174},
doi = {10.1111/1467-6451.00174},
pages = {197--234},
year = {2002}
}

@article{Dahlander2005,
title = {{Relationships between open source software companies and communities: Observations from Nordic firms}},
journal = {Research Policy},
volume = {34},
number = {4},
pages = {481 - 493},
year = {2005},
issn = {0048-7333},
doi = {http://dx.doi.org/10.1016/j.respol.2005.02.003},
url = {http://www.sciencedirect.com/science/article/pii/S0048733305000405},
author = {Linus Dahlander and Mats G. Magnusson},
keywords = {Communities},
keywords = {Relationships},
keywords = {Open source software}
}

%% FLOSS - Success  and quality

@article{Bonaccorsi2003,
title = {{Why Open Source software can succeed}},
journal = {Research Policy},
volume = {32},
number = {7},
pages = {1243 - 1258},
year = {2003},
issn = {0048-7333},
doi = {http://dx.doi.org/10.1016/S0048-7333(03)00051-9},
url = {http://www.sciencedirect.com/science/article/pii/S0048733303000519},
author = {Andrea Bonaccorsi and Cristina Rossi}
}

%%%%%%%%%%%%%%% Methodological approaches %%%%%%%%%%%%%%%%%%%%%

%Social practice theory

@book{shove2012dynamics,
  title={{The dynamics of social practice: everyday life and how it changes}},
  author={Shove, Elizabeth and Pantzar, Mika and Watson, Matt},
  year={2012},
  publisher={Sage}
}

%% Actor-Network Theory

@article{Dudhwala2009,
author = {Dudhwala, Farzana},
file = {:home/drozas/Dropbox/papers\_mendeley/What\_is\_ANT\_2009.pdf:pdf},
keywords = {actor-network theory,introduction,theory},
mendeley-groups = {Sociology/Actor-Network Theory},
mendeley-tags = {actor-network theory,introduction,theory},
pages = {1--12},
title = {{What is Actor-Network Theory?}},
url = {https://www.academia.edu/542543/What_is_Actor-Network_Theory},
year = {2009}
}

@article{Latour1999recalling,
  title={{On recalling ANT}},
  author={Latour, Bruno},
  journal={Actor network theory and after},
  volume={17},
  year={1999},
  publisher={Blackwell Oxford}
}

@article{law2009actor,
  title={{Actor network theory and material semiotics}},
  author={Law, John},
  journal={The new Blackwell companion to social theory},
  pages={141--158},
  year={2009},
  publisher={Wiley-Blackwell Chichester}
}

@article{callon1986some,
author = {Michel Callon},
title = {{Some Elements of a Sociology of Translation: Domestication of the Scallops and the Fishermen of St Brieuc Bay}},
journal = {The Sociological Review},
volume = {32},
number = {1\_suppl},
pages = {196-233},
year = {1984},
doi = {10.1111/j.1467-954X.1984.tb00113.x},
URL = {http://dx.doi.org/10.1111/j.1467-954X.1984.tb00113.x}
}

@book{latour1987science,
  title={{Science in action: How to follow scientists and engineers through society}},
  author={Latour, Bruno},
  year={1987},
  publisher={Harvard University Press}
}

@article{law1987technology,
  title={{Technology and heterogeneous engineering: the case of Portuguese expansion}},
  author={Law, John},
  journal={The social construction of technological systems: New directions in the sociology and history of technology},
  volume={1},
  pages={1--134},
  year={1987},
  publisher={MIT Press Cambridge, MA}
}

@article{brown2002michel,
  title={{Michel Serres: Science, translation and the logic of the parasite}},
  author={Brown, Steven D},
  journal={Theory, culture \& society},
  volume={19},
  number={3},
  pages={1--27},
  year={2002},
  publisher={Sage Publications}
}

@article{tuomi2001internet,
  title={{Internet, innovation, and open source: Actors in the network}},
  author={Tuomi, Ilkka},
  journal={First Monday},
  volume={6},
  number={1},
  year={2001},
  publisher={Valauskas, Edward J.}
}

@article{linden2009linux,
  title={{Linux Kernel developers embracing authors embracing licenses}},
  author={Linden, Lars and Saunders, Carol},
  journal={International Journal of Actor-Network Theory and Technological Innovation (IJANTTI)},
  volume={1},
  number={3},
  pages={15--35},
  year={2009},
  publisher={IGI Global}
}

%% Activity Theory

@incollection{engestrom1999activity,
  title={{Activity theory and individual and social transformation}},
  author={Engestr{\"o}m, Yrj{\"o}},
  booktitle={{Perspectives on Activity Theory}},
  pages={19--38},
  year={1999},
  publisher={Cambridge University Press},
  chapter = {1},
  editor = {Engestr{\"o}m, Yrj{\"o} and Miettinen, Reijo and Punam{\"a}ki, Raija-Leena},
}

@incollection{marx1845theses,
  title={{Theses on Feuerbach}},
  author={Marx, Karl},
  publisher = {Marx-Engels Institute, Moscow},
  booktitle={{Marx-Engels Archives}},
  volume={1},
  year={1924}
}

@book{hegel1861lectures,
  title={{Lectures on the philosophy of world history}},
  author={Hegel, Georg Wilhelm Friedrich},
  year={1975},
  publisher={Cambridge University Press}
}

@book{vygotsky1978mind,
  title={{Mind in Society: The Development of Higher Psychological Processes}},
  author={Vygotsky, LS},
  year={1978},
  publisher={Harvard University Press}
}

@book{leontjev1978activity,
  title={{Activity, consciousness, and personality}},
  author={Leont'ev, Aleksie Nikolaevich},
  year={1978},
  publisher={Prentice-Hall}
}

@book{engestrom1987learning,
  title={{Learning by expanding. An activity-theoretical approach to developmental research}},
  author={Engestr{\"o}m, Yrj{\"o}},
  year={1987},
  publisher={Cambridge University Press}
}

@article{Foot2001,
author = {{Foot, Kirsten A.}},
title = {Cultural-historical activity theory as practice theory: illuminating the development of conflict-monitoring network},
journal = {Communication Theory},
volume = {11},
number = {1},
publisher = {Blackwell Publishing Ltd},
issn = {1468-2885},
url = {http://dx.doi.org/10.1111/j.1468-2885.2001.tb00233.x},
doi = {10.1111/j.1468-2885.2001.tb00233.x},
pages = {56--83},
year = {2001}
}

@incollection{engestrom199923,
  title={{Innovative learning in work teams: Analyzing cycles of knowledge creation in practice}},
  author={Engestr{\"o}m, Yrj{\"o}},
  booktitle={{Perspectives on Activity Theory}},
  pages={377--404},
  year={1999},
  publisher={Cambridge University Press},
  chapter = {23},
  editor = {Engestr{\"o}m, Yrj{\"o} and Miettinen, Reijo and Punam{\"a}ki, Raija-Leena},
}

@article{roth2007emotion,
  title={{Emotion at Work: A Contribution to Third-Generation Cultural-Historical Activity Theory}},
  author={Roth, Wolff-Michael},
  journal={Mind, Culture, and Activity},
  volume={14},
  number={1-2},
  pages={40--63},
  year={2007},
  doi = {10.1080/10749030701307705},
  URL = {http://dx.doi.org/10.1080/10749030701307705}
}

@article{miettinen1999riddle,
  title={{The riddle of things: Activity theory and actor-network theory as approaches to studying innovations}},
  author={Miettinen, Reijo},
  journal={Mind, Culture, and Activity},
  volume={6},
  number={3},
  pages={170--195},
  year={1999},
  doi = {10.1080/10749039909524725},
  URL = {http://dx.doi.org/10.1080/10749039909524725},
}

@article{Souza2002,
  title={Using Activity Theory to Understand Contradictions in Collaborative Software Development},
  author={de Souza, Cleidson RB and Redmiles, David F},
  journal={Automated Software Engineering, Montreal, CA, IEEE Press},
  year={2003}
}

@proceedings{Uden2007,
author={L. Uden and E. Damiani and G. Gianini and P. Ceravolo},
booktitle={{2007 Inaugural IEEE-IES Digital EcoSystems and Technologies Conference}},
title={{Activity Theory for OSS Ecosystems}},
year={2007},
pages={223-228},
doi={10.1109/DEST.2007.371974},
ISSN={2150-4938}, 
}

@ONLINE{cradle-inno:2014:Online,
author = {CRADLE},
title = {{Distributed Innovations and Transformation of Research Work}},
year = {n.d.},
urldate = {2014-02-06},
url = {http://www.helsinki.fi/cradle/group_3.htm}
}

@ONLINE{cradle-siltala:2014:Online,
author = {CRADLE},
title = {{Juha Siltala's profile at CRADLE}},
year = {n.d.},
urldate = {2014-02-06},
url = {http://www.helsinki.fi/cradle/g3p3.htm}
}

@ONLINE{cradle-freeman:2014:Online,
author = {CRADLE},
title = {{Stephanie Freeman's profile at CRADLE}},
year = {n.d.},
urldate = {2014-02-06},
url = {http://www.edu.helsinki.fi/activity/people/freeman/}
}

@proceedings{panciera2014cream,
 author = {Panciera, Katherine and Masli, Mikhil and Terveen, Loren},
 title = {{Cr\`{e}me de la Cr\`{e}me: Elite Contributors in an Online Community}},
 booktitle = {{Proceedings of The International Symposium on Open Collaboration}},
 series = {OpenSym '14},
 year = {2014},
 isbn = {978-1-4503-3016-9},
 location = {Berlin, Germany},
 pages = {21:1--21:10},
 articleno = {21},
 numpages = {10},
 url = {http://doi.acm.org/10.1145/2641580.2641609},
 doi = {10.1145/2641580.2641609},
 acmid = {2641609},
 publisher = {ACM},
 address = {New York, NY, USA},
}

@inproceedings{bryant2005becoming,
author = {Bryant, Susan L. and Forte, Andrea and Bruckman, Amy},
 title = {{Becoming Wikipedian: Transformation of Participation in a Collaborative Online Encyclopedia}},
 booktitle = {{Proceedings of the 2005 International ACM SIGGROUP Conference on Supporting Group Work}},
 series = {GROUP '05},
 year = {2005},
 isbn = {1-59593-223-2},
 location = {Sanibel Island, Florida, USA},
 pages = {1--10},
 numpages = {10},
 url = {http://doi.acm.org/10.1145/1099203.1099205},
 doi = {10.1145/1099203.1099205},
 acmid = {1099205},
 publisher = {ACM},
 address = {New York, NY, USA},
 keywords = {Wiki, Wikipedia, activity theory, community, legitimate peripheral participation},
}

@book{nardi2010my,
  title={{My life as a night elf priest: An anthropological account of World of Warcraft}},
  author={Nardi, Bonnie},
  year={2010},
  publisher={University of Michigan Press and University of Michigan Library}
}

@article{barab2004using,
author = { Sasha   Barab  and  Steve   Schatz  and  Rebecca   Scheckler },
title = {{Using Activity Theory to Conceptualize Online Community and Using Online Community to Conceptualize Activity Theory}},
journal = {Mind, Culture, and Activity},
volume = {11},
number = {1},
pages = {25-47},
year = {2004},
doi = {10.1207/s15327884mca1101\_3},
URL = {http://dx.doi.org/10.1207/s15327884mca1101_3}
}

@article{flavin2012disruptive,
author = {Michael Flavin},
title = {{Disruptive technologies in higher education}},
journal = {Research in Learning Technology},
volume = {20},
number = {1},
pages = {102-111},
year = {2012},
doi = {10.3402/rlt.v20i0.19184},
URL = {http://dx.doi.org/10.3402/rlt.v20i0.19184}
}

@article{leontyev1981outline,
  title={{An outline of the evolution of the psyche}},
  author={Leont'ev, Aleksie Nikolaevich},
  journal={Problems of the development of the mind},
  pages={156--326},
  publisher={Moscow: Progress Publishers},
  year={1981}
}

%%% Ethnography and Virtual Ethnography

@book{hammersley2007ethnography,
  title={{Ethnography: Principles in practice}},
  author={Hammersley, Martyn and Atkinson, Paul},
  year={2007},
  edition={3},
  publisher={Routledge}
}

@incollection{caliandro2014,
  author={Caliandro, Alessandro},
  title={{Ethnography in Digital Spaces: Ethnography of Virtual Worlds, Netnography, \& Digital Ethnography}},
  editor={Denny, Rita and Sunderland, Patricia},
  booktitle={{Handbook of Anthropology in Business}},
  chapter={35},
  pages = {658-679},
 publisher="Routledge",
 year=2014,
 doi ={10.4324/9781315427850.ch35},
 URL={https://www.routledgehandbooks.com/doi/10.4324/9781315427850.ch35}
}

@incollection{orgad2005online,
  title={{From online to offline and back: Moving from online to offline relationships with research informants}},
  author={Orgad, Shani},
  booktitle={{Virtual methods}},
  editor={Hine, Christine},
  pages={51-66},
  chapter={4},
  year={2005},
  publisher={Berg}
}

@article{altheide1987reflections,
author="Altheide, David L.",
title={{Reflections: Ethnographic content analysis}},
journal="Qualitative Sociology",
year="1987",
volume="10",
number="1",
pages="65--77",
issn="1573-7837",
doi="10.1007/BF00988269",
url="http://dx.doi.org/10.1007/BF00988269"
}

%%% Commons and pilot study specific

@article{hardt1999affective,
  title={{Affective labor}},
  author={Hardt, Michael},
 ISSN = {01903659, 15272141},
 URL = {http://www.jstor.org/stable/303793},
 journal = {boundary 2},
 number = {2},
 pages = {89-100},
 publisher = {Duke University Press},
 volume = {26},
 year = {1999}
}

@article{Singh2013,
author = {Singh, Neera M.},
doi = {10.1016/j.geoforum.2013.01.010},
file = {:home/drozas/Dropbox/papers\_mendeley/1-s2.0-S0016718513000134-main.pdf:pdf},
issn = {00167185},
journal = {Geoforum},
mendeley-groups = {FLOSS/Identity},
pages = {189--198},
publisher = {Elsevier Ltd},
title = {{The affective labor of growing forests and the becoming of environmental subjects: Rethinking environmentality in Odisha, India}},
url = {http://linkinghub.elsevier.com/retrieve/pii/S0016718513000134},
volume = {47},
year = {2013}
}

@book{hine2000virtualbook,
  title={{Virtual ethnography}},
  author={Hine, Christine},
  year={2000},
  publisher={Sage}
}

@ONLINE{DrupalCoC2010,
author = {Drupal.org},
url = {https://drupal.org/node/897616},
title = {{Our new Drupal Code of Conduct}},
urldate = {2014-06-09},
year = {2010},
month = {August},
day = {30},
}

@ONLINE{DrupalEvents2010,
author = {Drupal.org},
url = {https://groups.drupal.org/events},
title = {{Drupal Events}},
urldate = {2014-06-11},
year = {n.d.},
}

@ONLINE{drupal-talking-1:2014:Online,
author = {{Drupal Association}},
title = {{The Drupal Association: Coming of Age}},
urldate = {2014-07-25},
year = {2010},
month = {October},
day = {22},
url = {https://assoc.drupal.org/node/709}
}

@ONLINE{drupal-talking-2:2014:Online,
author = {{Acquia.com}},
title = {{Talk is silver, code is gold: Acquia's code contributions to the Drupal project}},
urldate = {2014-07-25},
year = {n.d.},
url = {http://www.acquia.com/blog/talk-silver-code-gold-acquias-code-contributions-drupal-project}
}

@ONLINE{drupal-contribute:2014:Online,
author = {{Drupal.org}},
title = {{Ways to get involved}},
urldate = {2014-04-30},
year = {2004},
month = {June},
day = {30},
url = {https://www.drupal.org/contribute}
}

@ONLINE{drupal-planet-stats:2014:Online,
author = {Hochhausen, David},
title = {{What kind of content do we have on Planet Drupal?}},
urldate = {2014-10-16},
year = {2014},
url = {http://fromwaydowntown.de/en/article/what-kind-content-do-we-have-planet-drupal}
}

@ONLINE{drupal-not-spammer-role,
author = {Drupal.org},
url = {https://www.drupal.org/node/1887616},
title = {{Applying for the ``not a spammer" role}},
urldate = {2014-10-06},
year = {2013},
month = {January},
day = {13},
}

@ONLINE{drupal-roles-development,
author = {Drupal.org},
url = {https://groups.drupal.org/node/67763},
title = {{Roles in Drupal development}},
urldate = {2014-05-06},
year = {2010},
month = {May},
day = {10},
}

@report{caqdas2009,
author = {Lewis, Ann and Silver, Christine},
url = {https://www.surrey.ac.uk/sociology/research/researchcentres/caqdas/files/2009ChoosingaCAQDASPackage.pdf},
title = {{Choosing a CAQDAS package}},
year = {2009},
institution = {{Department of Sociology, University of Surrey}}
}

@report{UEC2013,
    author = {Ann Gallagher},
    institution = {University Ethics Committee, University of Surrey},
    title = {{Ethical Principles and Procedures for Teaching and Research}},
    Year = {2013},
    url = {http://www.surrey.ac.uk/fhms/Ethics%20Committee/ethicsfiles/Ethical_Principles_and_Procedures.pdf},
}

@report{markham2012,
  title={{Ethical Decision-Making and Internet Research: Recommendations from the AoIR Ethics Working Committee}},
  author={Markham, Annette and Buchanan, Elizabeth},
  year={2012},
  version={2},
  url = {http://aoir.org/reports/ethics2.pdf}
}

@ONLINE{github-security2014,
author = {GitHub.com},
url = {https://help.github.com/articles/github-security/},
title = {{GitHub Security}},
urldate = {2014-10-28},
year = {n.d.},
}

@ONLINE{dropbox-security2014,
author = {Dropbox.com},
url = {https://www.dropbox.com/en/help/27},
title = {{How secure is Dropbox?}},
urldate = {2014-10-28},
year = {n.d.},
}

@book{lofland2006analyzing,
  title={{Analyzing Social Settings: A Guide to Qualitative Observation and Analysis}},
  author={Lofland, John and Snow, David A and Anderson, Leon and Lofland, Lyn H},
  year={2006},
  edition={4},
  publisher={Wadsworth Publishing}
}

@phdthesis{sveinsdottir2008virtual,
  title={{Virtual Identity as Practice: Exploring the Relationship Between Role-Players and Their Characters in the Massively Multiplayer Online Game Star Wars Galaxies}},
  author={Sveinsdottir, Thordis},
  year={2008},
  url = {http://epubs.surrey.ac.uk/2112/},  
  school={University of Surrey}
}

@incollection{troxler2014making,
  title={{Making the Third Industrial Revolution}},
  author={Txoler, Peter},
  booktitle={{FabLab: Of Machines, Makers and Inventors}},
  pages={181--194},
  year={2014},
  editor={Walter-Herrmann, Julia and B{\"u}ching, Corinne},
  publisher={Transcript Verlag}
}

@book{rifkin2012third,
  title={{The Third Industrial Revolution: How Lateral Power Is Transforming Energy, the Economy, and the World}},
  author={Rifkin, Jeremy},
  year={2011},
  publisher={Palgrave Macmillan}
}

@proceedings{Marlow:2013:IFO:2441776.2441792,
 author = {Marlow, Jennifer and Dabbish, Laura and Herbsleb, Jim},
 title = {{Impression Formation in Online Peer Production: Activity Traces and Personal Profiles in Github}},
 booktitle = {{Proceedings of the 2013 Conference on Computer Supported Cooperative Work}},
 series = {CSCW '13},
 year = {2013},
 isbn = {978-1-4503-1331-5},
 location = {San Antonio, Texas, USA},
 pages = {117--128},
 numpages = {12},
 url = {http://doi.acm.org/10.1145/2441776.2441792},
 doi = {10.1145/2441776.2441792},
 acmid = {2441792},
 publisher = {ACM},
 keywords = {activity traces, collaborative software development, impression formation, peer production},
}

@ONLINE{merrian-ist2014,
author = {Merrian-Webster},
url = {http://www.merriam-webster.com/dictionary/-ist},
title = {{Definition of ``-ist"}},
urldate = {2014-10-30},
year = {n.d.},
}

@article{reagle2012free,
	title = {{``Free as in sexist?" Free culture and the gender gap}},
	author={Reagle, Joseph},
	journal = {First Monday},
	volume = {18},
	number = {1},
	year = {2012},
	issn = {13960466},
	doi = {10.5210/fm.v18i1.4291},
	url = {http://firstmonday.org/ojs/index.php/fm/article/view/4291}
}

@ONLINE{DrupalListContribProfiles,
author = {Drupal.org},
url = {https://www.drupal.org/node/2305759#comment-9004949},
title = {{Decide on the list of user contributions to be included on user profiles}},
urldate = {2014-09-15},
year = {2014},
month = {July},
day = {18},
}

@ONLINE{wiktionary-ista-etimology,
author = {Wiktionary.org},
url = {http://en.wiktionary.org/wiki/-ista#Latin},
title = {{Etymology of the suffix ``-ista"}},
urldate = {2014-11-14},
year = {2006},
month = {January},
day = {21},
}

@article{shaw2014laboratories,
  title={{Laboratories of Oligarchy? How the Iron Law Extends to Peer Production}},
  author={Shaw, Aaron and Hill, Benjamin M},
  journal={Journal of Communication},
  volume={64},
  number={2},
  pages={215--238},
  year={2014},
  publisher={Wiley Subscription Services, Inc.},
  url = {http://dx.doi.org/10.1111/jcom.12082},
  doi = {10.1111/jcom.12082},
}

@book{michels1915political,
  title={{Political parties: A sociological study of the oligarchical tendencies of modern democracy}},
  author={Michels, Robert},
  year={1915},
  publisher={Hearst's International Library Company}
}

@article{spinuzzi2012working,
  title={{Working alone together: Coworking as emergent collaborative activity}},
  author={Spinuzzi, Clay},
  journal={Journal of Business and Technical Communication},
  volume={26},
  number={4},
  pages={399--441},
  year={2012},
  publisher={SAGE Publications},
  doi = {10.1177/1050651912444070},
  URL = {http://dx.doi.org/10.1177/1050651912444070},
}

@article{freeman2013tyranny,
  title={{The tyranny of structurelessness}},
  author={Freeman, Jo},
 ISSN = {00675830},
 URL = {http://www.jstor.org/stable/41035187},
 journal = {Berkeley Journal of Sociology},
 pages = {151-164},
 publisher = {Regents of the University of California},
 title = {THE TYRANNY OF STRUCTURELESSNESS},
 volume = {17},
 year = {1972}
}

%% Stage 2 - do-ocracy

@proceedings{zacchiroli2011debian,
  title={{Debian: 18 years of free software, do-ocracy, and democracy (keynote)}},
  author={Zacchiroli, Stefano},
  booktitle = {{OSDOC '11: Proceedings of the 2011 Workshop on Open Source and Design of Communication}},
  year = {2011},
  isbn = {978-1-4503-0873-1},
  location = {Lisboa, Portugal},
  publisher = {ACM},
  address = {New York, NY, USA},
}

@article{kostakis2014production,
author = {Vasilis Kostakis and Vasilis Niaros and Christos Giotitsas},
title = {{Production and governance in hackerspaces: A manifestation of Commons-based peer production in the physical realm?}},
journal = {International Journal of Cultural Studies},
volume = {18},
number = {5},
pages = {555-573},
year = {2015},
doi = {10.1177/1367877913519310},
URL = {http://dx.doi.org/10.1177/1367877913519310},
}

@article{russell2006rough,
author={A. L. Russell},
journal={IEEE Annals of the History of Computing},
title={{`Rough Consensus and Running Code' and the Internet-OSI Standards War}},
year={2006},
volume={28},
number={3},
pages={48-61},
doi={10.1109/MAHC.2006.42}, 
}

@incollection{melanccon2011contributing,
  title={{Contributing to the Community}},
  author={Melan{\c{c}}on, Benjamin and Sarahe, Claudina},
  booktitle={{The Definitive Guide to Drupal 7}},
  pages={865--883},
  chapter = {38},
  editor={Melan{\c{c}}on, Benjamin},
  year={2011},
  publisher={Apress}
}

@book{bacon2012art,
  title={{The art of community: Building the new age of participation}},
  author={Bacon, Jono},
  year={2012},
  publisher={O'Reilly Media, Inc.}
}

@ONLINE{buytaert-oss-scaling:2015:Online,
author = {Buytaert, Dries},
title = {{Creating a structure for Drupal governance}},
year = {2014},
month = {September},
day = {30},
urldate = {2014-10-2},
url = {http://buytaert.net/scaling-open-source-communities}
}

@book{steinar1996interviews,
  title={{Interviews: An introduction to qualitative research interviewing}},
  author={Kvale, Steinar},
  publisher={Sage},
  year={1996}
}

%%% online %%%

@proceedings{viegas2007hidden,
author="Vi{\'e}gas, Fernanda B. and Wattenberg, Martin and McKeon, Matthew M.",
editor="Schuler, Douglas",
title={{The Hidden Order of Wikipedia}},
bookTitle={{Online Communities and Social Computing: Second International Conference, OCSC 2007, held as part of HCI International 2007, Beijing, China, July 22-27, 2007}},
year="2007",
publisher="Springer",
pages="445--454",
isbn="978-3-540-73257-0",
doi="10.1007/978-3-540-73257-0_49",
url="http://dx.doi.org/10.1007/978-3-540-73257-0_49"
}

@article{forte2009decentralization,
author = { Andrea   Forte  and  Vanesa   Larco  and  Amy   Bruckman },
title = {{Decentralization in Wikipedia Governance}},
journal = {Journal of Management Information Systems},
volume = {26},
number = {1},
pages = {49-72},
year = {2009},
doi = {10.2753/MIS0742-1222260103},
URL = {http://www.tandfonline.com/doi/abs/10.2753/MIS0742-1222260103}
}

@ONLINE{drupal-cores:2016:Online,
author = {{DrupalCores}},
title = {{A very basic table of all contributors to Drupal 8 Core}},
year = {2012},
month = {January},
day = {16},
urldate = {2016-03-01},
url = {http://www.drupalcores.com/}
}

@ONLINE{drupal7-core:2016:Online,
author = {{Knaddison.com}},
title = {{Contributors for Drupal 7 - Final Numbers*}},
year = {2016},
urldate = {2016-03-01},
url = {http://www.knaddison.com/drupal/contributors-drupal-7-final-numbers}
}

@ONLINE{drupalorg-1-million:2016:Online,
author = {{Drupal.org}},
title = {{1 Million Users on Drupal.org!}},
year = {2013},
month = {October},
day = {11},
urldate = {2016-03-01},
url = {https://www.drupal.org/node/2110205}
}

@book{abbott2016learning,
  title={{Learning Drupal 8}},
  author={Abbott, Nick and Jones, Richard},
  year={2016},
  publisher={Packt Publishing Ltd}
}

@ONLINE{drupalorg-pap:2016:Online,
author = {{Drupal.org}},
title = {{Project application checklist}},
year = {2012},
month = {May},
day = {17},
urldate = {2016-03-02},
url = {https://www.drupal.org/node/1587704}
}

@ONLINE{drupalorg-git-admins-01:2016:Online,
author = {{Drupal.org}},
title = {{Git administrators: the permission to give the permission to create full (non-sandbox) projects}},
year = {2011},
month = {April},
day = {13},
urldate = {2016-03-01},
url = {https://www.drupal.org/node/1125818}
}

@ONLINE{drupalorg-git-admins-02:2016:Online,
author = {{Drupal.org}},
title = {{Code Review Administrators}},
year = {2011},
month = {April},
day = {15},
urldate = {2016-03-01},
url = {https://groups.drupal.org/node/142454}
}

@ONLINE{drupalorg-review-bonus-system:2016:Online,
author = {{Drupal.org}},
title = {{Review bonus}},
year = {2013},
month = {April},
day = {19},
urldate = {2016-03-02},
url = {https://www.drupal.org/node/1975228}
}

@ONLINE{drupalorg-core-governance:2016:Online,
author = {{Drupal.org}},
title = {{Drupal core maintainers}},
year = {2011},
month = {September},
day = {11},
urldate = {2016-10-02},
url = {https://www.drupal.org/governance/core}
}

@ONLINE{drupalorg-core-gates:2015:Online,
author = {{Drupal.org}},
title = {{Drupal core gates}},
year = {2011},
month = {June},
day = {29},
urldate = {2015-11-03},
url = {https://www.drupal.org/core-gates}
}

@ONLINE{drupalorg-core-gates-rfc:2015:Online,
author = {{Drupal.org}},
title = {{RFC: Drupal 8 gates (Draft)}},
year = {2011},
month = {August},
day = {4},
urldate = {2015-11-03},
url = {https://groups.drupal.org/node/166704}
}

@ONLINE{drupalorg-core-gates-testing:2015:Online,
author = {{Drupal.org}},
title = {{Defining the Drupal 8 testing gate}},
year = {2011},
month = {June},
day = {29},
urldate = {2015-11-03},
url = {https://groups.drupal.org/node/158774}
}

@ONLINE{drupalorg-core-gates-performance:2015:Online,
author = {{Drupal.org}},
title = {{Defining the Drupal 8 performance gate}},
year = {2011},
month = {June},
day = {29},
urldate = {2015-11-03},
url = {https://groups.drupal.org/node/158769}
}

@ONLINE{drupalorg-core-gates-accesiblity:2015:Online,
author = {{Drupal.org}},
title = {{Defining the Drupal 8 accessibility gate}},
year = {2011},
month = {June},
day = {29},
urldate = {2015-11-03},
url = {https://groups.drupal.org/node/158759}
}

@book{ostrom1990governing,
  title={Governing the commons: The evolution of institutions for collective action},
  author={Ostrom, Elinor},
  year={1990},
  publisher={Cambridge University Press}
}

@ONLINE{drupalorg-groups:2016:Online,
author = {{Drupal.org}},
title = {{Working and regional Groups and Meetups (filtered by keyword Geographical)}},
year = {n.d.},
urldate = {2017-02-15},
url = {https://groups.drupal.org/og/all}
}

@ONLINE{drupical:2016:Online,
author = {Klobutschar, Michael and Grienauer, Nico},
title = {{Drupical}},
year = {2012},
month = {July},
day = {11},
urldate = {2015-03-04},
url = {http://www.drupical.com/}
}

@ONLINE{ostraining-list-drupalcamps:2016:Online,
author = {Burge, Anthony},
title = {{A List of Every DrupalCamp Ever Held}},
year = {2013},
month = {August},
day = {19},
urldate = {2016-03-04},
url = {https://www.ostraining.com/blog/drupal/drupalcamp-list/}
}

@ONLINE{dries-contrib-stats:2016:Online,
author = {Buytaert, Dries},
title = {{Drupal contributor statistics}},
year = {2011},
month = {June},
day = {6},
urldate = {2016-03-10},
url = {http://buytaert.net/drupal-contributor-statistics-2011}
}

@ONLINE{zoubi-history:2016:Online,
author = {Zoubi, Tamer},
title = {{History of Drupal (aka from Drop 1.0 to Drupal 8.0)}},
year = {2016},
month = {March},
urldate = {2016-03-10},
url = {http://websolutions.hr/drupal-history}
}

@ONLINE{core-loc:2016:Online,
author = {Corbacho, David},
title = {{Drupal Code Base}},
year = {2013},
month = {February},
day = {21},
urldate = {2016-03-10},
url = {http://drupalmotion.com/article/drupal-code-base}
}

@proceedings{greenhill2008unconference,
  title={{The unconference: a new model for better professional communication}},
  author={Greenhill, Kathryn and Wiebrands, Constance},
  year={2008},
  publisher={LIANZA},
  venue =        {Auckland, New Zealand},
  url = {http://opac.lianza.org.nz/cgi-bin/koha/opac-detail.pl?bib=383},
}

@phdthesis{nyman2015understanding,
  title={{Understanding Code Forking in Open Source Software: An examination of code forking, its effect on open source software, and how it is viewed and practiced by developers}},
  author={Nyman, Linus},
  year={2015},
  school={Hanken School of Economics, University of Helsinki},
  url={http://hdl.handle.net/10138/153135},
}

@ONLINE{aed-estatutos:2016:Online,
author = {{Asociación Española de Drupal}},
title = {{Estatutos de la AED}},
year = {2010},
month = {May},
day = {2},
urldate = {2017-07-08},
url = {https://asociaciondrupal.es/content/estatutos-de-la-aed}
}

@ONLINE{aed-toma-decisiones:2016:Online,
author = {{Asociación Española de Drupal}},
title = {{Proceso de toma de decisiones}},
year = {n.d.},
urldate = {2017-07-08},
url = {http://asociaciondrupal.es/content/proceso-de-toma-de-decisiones}
}

@ONLINE{aed-grupos-trabajo:2016:Online,
author = {{Asociación Española de Drupal}},
title = {{Grupos de trabajo}},
year = {n.d.},
urldate = {2017-07-08},
url = {https://asociaciondrupal.es/content/grupos-de-trabajo}
}

@ONLINE{aed-cities:2016:Online,
author = {{Asociación Española de Drupal}},
title = {{Apertura candidaturas DrupalCamp 2017}},
year = {2016},
month = {February},
day = {22},
urldate = {2017-07-08},
url = {https://asociaciondrupal.es/article/apertura-candidaturas-drupalcamp-2017}
}

@ONLINE{drupal-association-dcons-attendance:2016:Online,
author = {{Drupal Association}},
title = {{DrupalCon Locations and Attendance}},
year = {n.d.},
urldate = {2016-05-11},
url = {https://assoc.drupal.org/drupalcon/drupalcon-locations}
}

@ONLINE{drupalcon-vancouver:2016:Online,
author = {{Drupal.org}},
title = {{2006-02-06: DrupalCon Vancouver 2006}},
year = {2006},
month = {January},
day = {26},
urldate = {2016-05-11},
url = {https://www.drupal.org/node/46559/}
}

@ONLINE{drupalcon-aus:2016:Online,
author = {{DrupalCon Sidney}},
title = {{DrupalCon Sidney}},
year = {2013},
urldate = {2016-05-12},
url = {https://sydney2013.drupal.org/}
}

@ONLINE{drupalcon-sa:2016:Online,
author = {{DrupalCon Latin America}},
title = {{DrupalCon Latin America}},
year = {2015},
urldate = {2016-05-12},
url = {https://latinamerica2015.drupal.org/}
}

@ONLINE{drupalcon-asia:2016:Online,
author = {{DrupalCon Asia}},
title = {{DrupalCon Asia}},
year = {2016},
urldate = {2016-05-12},
url = {https://events.drupal.org/asia2016}
}

@ONLINE{dries-asia-01:Online,
author = {Buytaert, Dries},
title = {{The rise of Drupal in India}},
year = {2016},
month = {February},
day = {26},
urldate = {2016-05-12},
url = {http://buytaert.net/the-rise-of-drupal-in-india}
}

@ONLINE{dries-asia-02:Online,
author = {Buytaert, Dries},
title = {{State of Drupal presentation (February 2016)}},
year = {2016},
month = {March},
day = {24},
urldate = {2016-05-12},
url = {http://buytaert.net/state-of-drupal-presentation-february-2016}
}

@ONLINE{drupalcon-san-francisco:2016:Online,
author = {{DrupalCon San Francisco}},
title = {{Registration page for DrupalCon San Francisco}},
year = {2010},
urldate = {2016-05-12},
url = {https://sf2010.drupal.org/registration.html}
}

@ONLINE{drupalcon-cph:2016:Online,
author = {{DrupalCon Copenhagen}},
title = {{Registration page for DrupalCon Copenhagen}},
year = {2010},
urldate = {2016-05-12},
url = {https://cph2010.drupal.org/registration.html}
}

@ONLINE{drupalcon-grants:2016:Online,
author = {{Drupal Association}},
title = {{DrupalCon Grants and Scholarships}},
year = {n.d.},
urldate = {2016-05-12},
url = {https://assoc.drupal.org/drupalcon/scholarship}
}

@ONLINE{drupal-momentum:2016:Online,
author = {{Reality Loop}},
title = {{The calm before the storm}},
year = {2015},
month = {September},
day = {23},
urldate = {2016-05-12},
url = {http://realityloop.com/blog/2015/09/23/calm-storm}
}

@ONLINE{drupalcon-submissions-rate:2016:Online,
author = {{Drupal Association}},
title = {{Session Selection Process}},
year = {2016},
urldate = {2016-05-12},
url = {https://events.drupal.org/neworleans2016/session-selection-process}
}

@ONLINE{drupalcon-brussel-2005:2016:Online,
author = {{Drupal.org}},
title = {{2005-02-26: Drupal conference, Brussels 2005}},
year = {2016},
urldate = {2016-05-16},
url = {https://www.drupal.org/conference-antwerp-2005/}
}

@ONLINE{drupalcon-brussels-2006:2016:Online,
author = {{Drupal.org}},
title = {{DrupalCON Europe, call for suggestions}},
year = {2004},
month = {December},
day = {16},
urldate = {2016-05-24},
url = {https://www.drupal.org/node/74812}
}

@ONLINE{drupalcon-boston-2008:2016:Online,
author = {{DrupalCon Boston 2008}},
title = {{Site building track descriptions}},
year = {2008},
urldate = {2016-05-24},
url = {http://boston2008.drupalcon.org/site-building-track-descriptions.html}
}

@ONLINE{drupal-european-foundation:2014:Online,
author = {{European Drupal Foundation}},
title = {{Site building track descriptions}},
year = {2014},
urldate = {2014-06-29},
url = {http://drupalfoundation.eu/}
}

@ONLINE{drupalcon-latin-disc:2016:Online,
author = {{Drupal Association}},
title = {{DrupalCon Goes to Latin America in 2015}},
year = {2014},
month = {March},
day = {11},
urldate = {2016-05-31},
url = {https://assoc.drupal.org/content/drupalcon-goes-latin-america-2015}
}

@ONLINE{drupal-volunteer-contractor:2016:Online,
author = {{Drupal Association}},
title = {{Volunteer or Contractor? Help the Association Answer This Question}},
year = {2014},
month = {January},
day = {31},
urldate = {2016-05-30},
url = {https://groups.drupal.org/node/402768}
}

@ONLINE{drupalcon-coc:2016:Online,
author = {{Drupal.org}},
title = {{DrupalCon Code of Conduct (Revised Draft)}},
year = {2012},
month = {June},
day = {4},
urldate = {2016-06-06},
url = {https://groups.drupal.org/node/235308}
}

@ONLINE{drupal-cwc:2016:Online,
author = {{Drupal.org}},
title = {{Community Working Group}},
year = {2013},
month = {March},
day = {24},
urldate = {2016-06-06},
url = {https://www.drupal.org/governance/community-working-group}
}

@ONLINE{drupal-cwc-application:2016:Online,
author = {{Drupal.org}},
title = {{Online Harassment and DrupalCon}},
year = {2016},
month = {May},
day = {19},
urldate = {2016-06-06},
url = {https://www.drupal.org/node/2729687}
}

@ONLINE{drupal-vzw-statuses:2016:Online,
author = {{Drupal Association}},
title = {{Statutes and Internal Regulations}},
year = {2006},
month = {December},
day = {4},
urldate = {2016-06-06},
url = {https://www.drupal.org/files/statutes-en.pdf}
}

@ONLINE{drupal-elections:2016:Online,
author = {{Drupal Association}},
title = {{Drupal Association 2012 elections are on!}},
year = {2012},
month = {January},
day = {18},
urldate = {2016-06-06},
url = {https://assoc.drupal.org/2012-elections-on}
}

@ONLINE{da-cuts:2016:Online,
author = {{Drupal Association}},
title = {{Reorganizing for a changing Drupal}},
year = {2016},
month = {May},
day = {27},
urldate = {2016-06-06},
url = {https://assoc.drupal.org/blog/megansanicki/reorganizing-for-drupal}
}

@ONLINE{da-first-staff:2016:Online,
author = {{Drupal Association}},
title = {{Drupal Association Board Election Results for 2011}},
year = {2011},
month = {October},
day = {31},
urldate = {2016-06-06},
url = {https://www.drupal.org/node/1327354}
}

@ONLINE{da-history:2016:Online,
author = {{Drupal Association}},
title = {{History}},
year = {n.d.},
urldate = {2016-06-06},
url = {https://assoc.drupal.org/about/history}
}

@ONLINE{acquia-revenue:2016:Online,
author = {Castellanos, Sara},
title = {{IPO-bound Acquia reaches \$100M annual revenue}},
year = {2015},
month = {February},
day = {23},
urldate = {2016-07-01},
url = {http://www.bizjournals.com/boston/blog/techflash/2015/02/ipo-bound-acquia-reaches-100m-annual-revenue.html}
}

@ONLINE{acquia-500:2016:Online,
author = {Harris, David L},
title = {{28 Mass. firms make Deloitte 500 fastest-growing companies list}},
year = {2014},
month = {November},
day = {13},
urldate = {2016-07-01},
url = {http://www.bizjournals.com/boston/blog/techflash/2014/11/28-mass-firms-make-deloitte-500-fastest-growing.html}
}

@ONLINE{acquia-influence01:2016:Online,
author = {Kudwien, Daniel},
title = {{The Drupal crisis}},
year = {2011},
month = {August},
day = {23},
urldate = {2016-07-01},
url = {http://www.unleashedmind.com/en/blog/sun/the-drupal-crisis}
}

@ONLINE{acquia-influence02:2016:Online,
author = {Buytaert, Dries},
title = {{Does Acquia suck up all the Drupal talent?}},
year = {2011},
month = {September},
day = {9},
urldate = {2016-07-01},
url = {http://buytaert.net/does-acquia-suck-up-all-the-drupal-talent}
}

@article{ostrom1961organization,
  title={{The organization of government in metropolitan areas: a theoretical inquiry}},
  author={Ostrom, Vincent and Tiebout, Charles M and Warren, Robert},
  journal={American political science review},
  volume={55},
  number={4},
  pages={831--842},
  year={1961},
  doi={https://doi.org/10.1017/S0003055400125973}
}

@article{ostrom1999coping,
  title={{Coping with tragedies of the commons}},
  author={Ostrom, Elinor},
  journal={Annual review of political science},
  volume={2},
  number={1},
  pages={493--535},
  year={1999},
  publisher={Annual Reviews 4139 El Camino Way, PO Box 10139, Palo Alto, CA 94303-0139, USA},
  doi={https://doi.org/10.1146/annurev.polisci.2.1.493},
}

@ONLINE{losen-control:2016:Online,
author = {Buytaert, Dries},
title = {{How open source solves the innovation problem}},
year = {2015},
month = {December},
day = {3},
urldate = {2016-07-07},
url = {https://opensource.com/open-organization/15/12/how-open-source-solves-innovation-problem}
}

@book{burns1961management,
  title={The Management of Innovation,},
  author={Burns, Tom and Stalker, GM},
  publisher={Oxford University Press},
  isbn={0-19-828877-8},
  year={1961}
}

@article{green2008exploring,
  title={{Exploring the relationship between strategic reactiveness and entrepreneurial orientation: The role of structure--style fit}},
  author={Green, Kimberly M and Covin, Jeffrey G and Slevin, Dennis P},
  journal={Journal of Business Venturing},
  volume={23},
  number={3},
  pages={356--383},
  year={2008},
  publisher={Elsevier},
  issn = "0883-9026",
  doi = "http://dx.doi.org/10.1016/j.jbusvent.2007.01.002",
  url = "http://www.sciencedirect.com/science/article/pii/S0883902607000134",
}

@article{louadi1998relationship,
author = {Louadi, Mohamed El},
title = {{The Relationship Among Organization Structure, Information Technology and Information Processing in Small Canadian Firms}},
journal = {Canadian Journal of Administrative Sciences / Revue Canadienne des Sciences de l'Administration},
volume = {15},
number = {2},
publisher = {Blackwell Publishing Ltd},
issn = {1936-4490},
url = {http://dx.doi.org/10.1111/j.1936-4490.1998.tb00161.x},
doi = {10.1111/j.1936-4490.1998.tb00161.x},
pages = {180--199},
year = {1998},
}

@article{bahrami1987stratocracy,
author = {Homa Bahrami and Stuart Evans},
title = {{Stratocracy in High-Technology Firms}},
journal = {California Management Review},
volume = {30},
number = {1},
pages = {51-66},
year = {1987},
doi = {10.2307/41165266},
URL = {http://dx.doi.org/10.2307/41165266}
}

@ONLINE{gratipay:2016:Online,
author = {{Gratipay}},
title = {{Alex Pott's profile at Gratipay}},
year = {n.d.},
urldate = {2016-07-21},
url = {https://gratipay.com/~alexpott/}
}

@ONLINE{support-dorg:2016:Online,
author = {{Drupal.org}},
title = {{Entity Reviews}},
year = {2015},
month = {February},
day = {20},
urldate = {2016-07-21},
url = {https://www.drupal.org/project/entity_review}
}

@ONLINE{gittip-crisis:2016:Online,
author = {{Geek Feminism Wiki}},
title = {{Gittip crisis}},
year = {2014},
urldate = {2016-07-21},
url = {http://geekfeminism.wikia.com/wiki/Gittip_crisis}
}

@ONLINE{gratipay-blog-alex:2016:Online,
author = {{Gittip.com}},
title = {{Drupal Co-maintainer Funded at \$475/wk}},
year = {2013},
month = {September},
day = {17},
urldate = {2016-07-21},
url = {http://blog.gittip.com/post/61497419514/drupal-co-maintainer-funded-at-475-wk/}
}

@ONLINE{drupafundus-how:2016:Online,
author = {{Drupalfund.us}},
title = {{How it works}},
year = {n.d.},
urldate = {2016-07-21},
url = {https://www.drupalfund.us/how-it-works}
}

@ONLINE{drupal8accelerate-faq:2016:Online,
author = {{Drupal Association}},
title = {{Drupal 8 Accelerate FAQ}},
year = {n.d.},
urldate = {2016-07-21},
url = {https://assoc.drupal.org/drupal-8-accelerate-faq}
}

@ONLINE{drupal8accelerate-gov:2016:Online,
author = {{Drupal.org}},
title = {{Drupal 8 Accelerate Fund}},
year = {n.d.},
urldate = {2016-07-21},
url = {https://www.drupal.org/governance/d8accelerate}
}

@ONLINE{rules:2016:Online,
author = {{Drupal.org}},
title = {{Rules}},
year = {2007},
month = {November},
day = {1},
urldate = {2016-07-22},
url = {https://www.drupal.org/project/rules}
}

@ONLINE{do-ocracy01:2016:Online,
author = {Buytaert, Dries},
title = {{Creating a structure for Drupal governance}},
year = {2013},
month = {March},
day = {4},
urldate = {2016-07-28},
url = {http://buytaert.net/creating-a-structure-for-drupal-governance}
}

@ONLINE{do-ocracy02:2016:Online,
author = {Byron, Angie},
title = {{Drupal Community Philosophies}},
year = {2009},
month = {June},
day = {28},
urldate = {2016-07-28},
url = {https://www.lullabot.com/articles/drupal-community-philosophies}
}
@ONLINE{do-ocracy03:2016:Online,
author = {DrupalCon},
title = {{`` `Drupal is a do-ocracy. People who act get recognized and become influential' @add1sun 300+ meet at @drupaljam today. What will you do?" [Twitter post]}},
year = {2012},
month = {June},
day = {2},
urldate = {2016-07-28},
url = {https://twitter.com/drupalcon/status/211012731434835969}
}

@ONLINE{do-ocracy04:2016:Online,
author = {Garfield, Larry},
title = {{On Drupal's Leadership}},
year = {2014},
month = {October},
day = {25},
urldate = {2016-07-28},
url = {http://www.garfieldtech.com/drupal/leadership}
}

@ONLINE{do-ocracy05:2016:Online,
author = {Fandy, Ray},
title = {{Drupal's Governance}},
year = {2012},
month = {March},
day = {12},
urldate = {2016-07-28},
url = {https://randyfay.com/content/drupals-governance}
}

@book{thiel2016polycentricity,
  title={{The polycentricity approach and the research challenges confronting environmental governance}},
  author={Thiel, Andreas},
  year={2016},
  publisher={Humboldt-Universit{\"a}t zu Berlin},
  editor = {Nielsen, Jonas},
  doi = {http://dx.doi.org/10.18452/3132}
}

@article{gelcich2014towards,
  title={{Towards polycentric governance of small-scale fisheries: Insights from the new management plans policy in Chile}},
  author={Gelcich, Stefan},
  journal={Aquatic Conservation: Marine and Freshwater Ecosystems},
  volume={24},
  number={5},
  pages={575--581},
  year={2014},
  issn = {1099-0755},
  url = {http://dx.doi.org/10.1002/aqc.2506},
  doi = {10.1002/aqc.2506},
  note = {AQC-14-0159.R1}
}

@incollection{hartswood2014towards,
  title={{Towards the ethical governance of smart society}},
  author={Hartswood, Mark and Grimpe, Barbara and Jirotka, Marina and Anderson, Stuart},
  booktitle={Social Collective Intelligence},
  pages={3--30},
  year={2014},
  publisher={Springer},
  editor="Miorandi, Daniele and Maltese, Vincenzo and Rovatsos, Michael and Nijholt, Anton and Stewart, James",
  bookTitle={{Social Collective Intelligence: Combining the Powers of Humans and Machines to Build a Smarter Society}},
  isbn="978-3-319-08681-1",
  doi="10.1007/978-3-319-08681-1_1",
  url="http://dx.doi.org/10.1007/978-3-319-08681-1_1"
}

@article{ireland2009conceptualizing,
  title={{Conceptualizing corporate entrepreneurship strategy}},
  author={Ireland, R Duane and Covin, Jeffrey G and Kuratko, Donald F},
journal = {Entrepreneurship Theory and Practice},
volume = {33},
number = {1},
publisher = {Blackwell Publishing Inc},
issn = {1540-6520},
url = {http://dx.doi.org/10.1111/j.1540-6520.2008.00279.x},
doi = {10.1111/j.1540-6520.2008.00279.x},
pages = {19--46},
year = {2009},
}

@article{chelliah2010determinants,
  title={{The determinants of internationalization of small and medium enterprises (Smes): a case in Malaysia}},
  author={Chelliah, Shankar and Sulaiman, Mohamed and Pandian, Sivamurugan},
  journal={World Applied Sciences Journal},
  volume={10},
  number={10},
  pages={1202--1215},
  year={2010},
  publisher={IDOSI Publications},
  url = {https://www.idosi.org/wasj/WASJ10%2810%29/13.pdf}
}

@article{harrison1972professional,
  title={{Professional norms and organizational goals: An illusory dichotomy}},
  author={Harrison, E Frank and Rosenzweig, James E},
	title = {Professional Norms and Organizational Goals: An Illusory Dichotomy},
	volume = {14},
	number = {3},
	pages = {38--48},
	year = {1972},
	doi = {10.2307/41164346},
	publisher = {University of California Press Journals},
	issn = {0008-1256},
	URL = {http://cmr.ucpress.edu/content/14/3/38},
	journal = {California Management Review}
}

@article{mallen2016organicity,
	author = {Mall{\'e}n, Ferm{\'i}n and Chiva, Ricardo and Alegre, Joaqu{\'u}n and Guinot, Jacob},
	copyright = {Springer-Verlag Berlin Heidelberg},
	doi = {10.1007/s11846-014-0164-2},
	journal = {Review of Managerial Science},
	keywords = {Organizational learning capability; Organic organizational structure; Organizational performance; Organicity},
	language = {English},
	number = {3},
	pages = {463-485},
	title = {{Organicity and performance in excellent HRM organizations: the importance of organizational learning capability}},
	volume = {10},
	year = {2016},

}

@article{kuutti1996activity,
  title={Activity theory as a potential framework for human-computer interaction research},
  author={Kuutti, Kari},
  journal={Context and consciousness: Activity theory and human-computer interaction},
  pages={17--44},
  year={1996}
}

@ONLINE{drupal8-automated-tests:2016:Online,
author = {{Drupal.org}},
title = {{Automated tests}},
year = {2016},
urldate = {2016-09-20},
url = {https://api.drupal.org/api/drupal/core!core.api.php/group/testing/8.2.x}
}

@ONLINE{drupal-sprint-cards:2016:Online,
author = {{Drupal.org}},
title = {{Sprint Participant Role Task Cards}},
year = {2014},
month = {July},
day = {20},
urldate = {2016-09-20},
url = {https://www.drupal.org/sprint-task-cards}
}

@ONLINE{drupal-hooks:2016:Online,
author = {{Drupal.org}},
title = {{Understanding the hook system for Drupal modules}},
year = {2005},
month = {January},
day = {29},
urldate = {2016-09-20},
url = {https://www.drupal.org/node/292}
}

@ONLINE{drupal-project-usage:2016:Online,
author = {{Drupal.org}},
title = {{Project usage overview}},
year = {n.d.},
urldate = {2016-09-22},
url = {https://www.drupal.org/project/usage}
}

@ONLINE{consensus-banana-01:2016:Online,
author = {{Drupal.org}},
title = {{[meta] Results of Drupalcon Austin's Consensus Banana}},
year = {2014},
month = {June},
day = {20},
urldate = {2016-09-22},
url = {https://www.drupal.org/node/2289511}
}

@ONLINE{consensus-banana-02:2016:Online,
author = {{Modules Unraveled}},
title = {{Consensus Banana [Audio podcast]}},
year = {2014},
month = {September},
day = {9},
urldate = {2016-09-22},
url = {https://modulesunraveled.com/podcast/119-classy-base-theme-drupal-8-scott-reeves-and-david-hernandez-modules-unraveled-podcast}
}

@ONLINE{dcon-enzo:Online,
author = {{DrupalCon Dublin 2016}},
title = {{Community Keynote: Enzo shares global community insight}},
year = {2016},
month = {July},
day = {18},
urldate = {2016-09-23},
url = {https://events.drupal.org/dublin2016/news/community-keynote-announced}
}

@ONLINE{talk-silver-show-tell:Online,
author = {{Drupal Show and Tell}},
title = {{Talk is silver, code is gold? Contribution beyond source code in Drupal [Video file]}},
year = {2015},
month = {May},
day = {28},
urldate = {2016-09-23},
url = {http://www.drupalshowandtell.com/talk/talk-silver-code-gold-contribution-beyond-source-code-drupal}
}

@ONLINE{talk-silver-dcnorth:Online,
author = {{DrupalCamp North}},
title = {{Keynote: Talk is silver, code is gold? Contribution beyond source code in Drupal}},
year = {2015},
month = {July},
day = {12},
urldate = {2016-09-23},
url = {http://drupalcampnorth.org/session/keynote-talk-silver-code-gold-contribution-beyond-source-code-drupal}
}

@ONLINE{talk-silver-dconbcn:Online,
author = {{DrupalCon Barcelona}},
title = {{Community Keynotes by David Rozas and Mike Bell [Video file]}},
year = {2015},
month = {September},
day = {24},
urldate = {2016-09-17},
url = {https://events.drupal.org/barcelona2015/community-keynotes}
}

@ONLINE{drupal-cbpp-dcne14:Online,
author = {{DrupalCamp North East 2014}},
title = {{Drupal as a case of Commons-Based Peer Production}},
year = {2014},
month = {July},
day = {3},
urldate = {2016-09-23},
url = {http://camp.drupalne.org/session/drupal-case-commons-based-peer-production}
}

@ONLINE{patterns-dclondon13:Online,
author = {{DrupalCamp London 2013}},
title = {{Automating Drupal Development with Patterns: introducing 7.x-2.x [Video file]}},
year = {2013},
month = {July},
day = {11},
urldate = {2016-09-23},
url = {https://youtu.be/6FvLJTivMgs}
}

@ONLINE{patterns-dclspain12:Online,
author = {{Asociación Española de Drupal}},
title = {{Automating Drupal Development with Patterns [Video file]}},
year = {2013},
month = {March},
day = {9},
urldate = {2016-09-23},
url = {https://vimeo.com/61432578}
}

@ONLINE{gami-dorg-01:Online,
author = {{Drupal.org}},
title = {{Reputation/badges system for drupal.org: proposal}},
year = {2012},
month = {April},
day = {19},
urldate = {2016-09-23},
url = {https://groups.drupal.org/node/225824}
}

@ONLINE{gami-dorg-02:Online,
author = {{Drupal.org}},
title = {{Expertise/Reputation system: initial draft}},
year = {2012},
month = {February},
day = {13},
urldate = {2016-09-23},
url = {https://groups.drupal.org/node/209448}
}

@ONLINE{gami-dorg-03:Online,
author = {{Drupal.org}},
title = {{Gamification}},
year = {2013},
month = {November},
day = {28},
urldate = {2016-09-23},
url = {https://groups.drupal.org/gamification}
}

@ONLINE{impact-contrib01:Online,
author = {Purkiss, Steve},
title = {{Remote DrupalCon - Day 3}},
year = {2015},
month = {September},
day = {25},
urldate = {2015-10-02},
url = {http://purkiss.com/blog/steve-purkiss/2015/09/25/remote-drupalcon-day-3}
}

@ONLINE{impact-contrib02:Online,
author = {Braendle, Claudine},
title = {{DrupalCon Barcelona - Day 4}},
year = {2015},
month = {September},
day = {25},
urldate = {2015-10-02},
url = {https://www.amazeelabs.com/en/blog/dc-barcelona-day-4}
}

@ONLINE{impact-contrib03:Online,
author = {Jones, Peter},
title = {{Drupalcon Barcelona: Researching code contributions, Mental health and SVG}},
year = {2015},
month = {September},
day = {28},
urldate = {2015-10-02},
url = {http://hodges-model.blogspot.com.es/2015/09/drupalcon-barcelona-researching-code.html}
}

@ONLINE{impact-contrib04:Online,
author = {Whitmore, Randal},
title = {{DrupalCon Barcelona: What Happened and What to Watch}},
year = {2015},
month = {October},
day = {1},
urldate = {2015-10-02},
url = {http://www.wunderkraut.com/blog/drupalcon-barcelona-what-happened-and-what-to-watch/2015-10-01}
}

@ONLINE{impact-contrib05:Online,
author = {Fisher, Darren},
title = {{We went to DrupalCon 2015 in Barcelona}},
year = {2015},
month = {October},
day = {2},
urldate = {2015-10-03},
url = {http://www.reallifedigital.com/blog/we-went-drupalcon-2015-barcelona}
}

@ONLINE{impact-contrib06:Online,
author = {Balsera, Jesus-Sanchez},
title = {{Barcelona Con from @jsbalsera point of view}},
year = {2015},
month = {October},
day = {2},
urldate = {2015-10-03},
url = {http://www.cocomore.com/blog/barcelona-con-jsbalsera-point-view}
}

@ONLINE{impact-contrib07:Online,
author = {Vilar, Ramon},
title = {{Our experience at DrupalCon Barcelona 2015}},
year = {2015},
month = {September},
day = {28},
urldate = {2015-10-02},
url = {http://ymbra.com/es/blog/our-experience-drupalcon-barcelona-2015}
}

@ONLINE{impact-contrib08:Online,
author = {{DrupalEasy}},
title = {{DrupalEasy Podcast 163 - Drupal Potato (David Rozas, Open-source contributing) [Audio podcast]}},
year = {2015},
month = {October},
day = {9},
urldate = {2015-10-10},
url = {https://www.drupaleasy.com/podcast/2015/10/drupaleasy-podcast-163-drupal-potato-david-rozas-open-source-contributing}
}

@ONLINE{impact-contrib10:Online,
author = {{Drupal.org}},
title = {{Improve contribution statistics on user and organization profiles}},
year = {2016},
month = {January},
day = {12},
urldate = {2016-09-23},
url = {https://www.drupal.org/node/2649100}
}

@ONLINE{empowering01:Online,
author = {Vann, Doug},
title = {{Drupal is a community AND there happens to be a piece of software by the same name}},
year = {2013},
month = {August},
day = {31},
urldate = {2016-09-23},
url = {http://dougvann.com/blog/drupal-community-and-there-happens-be-piece-software-same-name}
}

@ONLINE{empowering02:Online,
author = {Loretan, Florian},
title = {{On making better DrupalCon session proposals}},
year = {2013},
month = {July},
day = {26},
urldate = {2016-09-23},
url = {https://prague2013.drupal.org/news/making-better-drupalcon-session-proposals.html}
}

@ONLINE{maintenance-guidelines:Online,
author = {{Drupal.org}},
title = {{Best practices for creating and maintaining projects}},
year = {2005},
month = {May},
day = {11},
urldate = {2016-10-07},
url = {https://www.drupal.org/node/7765}
}

@ONLINE{contrib-survival:Online,
author = {Soper, Andrea},
title = {{Do-ocracy and the Drupal Contrib Ecosystem}},
year = {n.d.},
urldate = {2016-10-07},
url = {https://nerdery.com/blog/do-ocracy-and-the-drupal-contrib-ecosystem}
}

@incollection{west2006patterns,
  title={{Patterns of Open Innovation in Open Source Software}},
  author={West, Joel and Gallagher, Scott},
  booktitle={{Open innovation: Researching a new paradigm}},
  editor={Chesbrough, Henry and Vanhaverbeke, Wim and West, Joel},
  year={2006},
  publisher={Oxford University Press},
  pages={82-108},
  chapter={5}
}

@ONLINE{maintenance-abadonment:Online,
author = {{Drupal.org}},
title = {{Dealing with unsupported (abandoned) projects}},
year = {2008},
month = {April},
day = {25},
urldate = {2016-10-11},
url = {https://www.drupal.org/node/251466}
}

@article{brandenburger2011co,
author = {Barry J. Nalebuff and Adam M. Brandenburger},
title = {{Co-opetition: Competitive and cooperative business strategies for the digital economy}},
journal = {Strategy \& Leadership},
volume = {25},
number = {6},
pages = {28-33},
year = {1997},
doi = {10.1108/eb054655},
URL = {https://doi.org/10.1108/eb054655}
}

@proceedings{teixeira2014understanding,
 author = {Teixeira, Jose},
 title = {{Understanding Coopetition in the Open-Source Arena: The Cases of WebKit and OpenStack}},
 booktitle = {{Proceedings of The International Symposium on Open Collaboration}},
 series = {OpenSym '14},
 year = {2014},
 isbn = {978-1-4503-3016-9},
 location = {Berlin, Germany},
 pages = {39:1--39:5},
 articleno = {39},
 numpages = {5},
 url = {http://doi.acm.org/10.1145/2641580.2641627},
 doi = {10.1145/2641580.2641627},
 acmid = {2641627},
 publisher = {ACM},
 address = {New York, NY, USA},
}

@ONLINE{credit-cvs:Online,
author = {{Drupal.org}},
title = {{Revision of Commit messages - providing history and credit from January 14, 2012 - 16:24}},
year = {2012},
month = {January},
day = {14},
urldate = {2016-10-07},
url = {https://www.drupal.org/node/52287/revisions/1838888/view}
}

@ONLINE{drupal_4_7:Online,
author = {{Drupal.org}},
title = {{Drupal 4.7.0 released}},
year = {2006},
month = {May},
day = {1},
urldate = {2016-11-10},
url = {https://www.drupal.org/drupal-4.7.0}
}

@ONLINE{phptemplate:Online,
author = {{Drupal.org}},
title = {{PHPTemplate}},
year = {2004},
month = {November},
day = {2},
urldate = {2016-11-10},
url = {https://www.drupal.org/project/phptemplate}
}

@ONLINE{styletripper:Online,
author = {{Drupal.org}},
title = {{Stylestripper}},
year = {2009},
month = {January},
day = {29},
urldate = {2016-11-10},
url = {https://www.drupal.org/project/stylestripper}
}

@ONLINE{mothership:Online,
author = {{Drupal.org}},
title = {{Mothership}},
year = {2009},
month = {April},
day = {3},
urldate = {2016-11-10},
url = {https://www.drupal.org/project/mothership}
}

@ONLINE{foad:Online,
author = {{Drupal.org}},
title = {{Remove default CSS files with the FOAD technique}},
year = {2012},
month = {April},
day = {17},
urldate = {2016-11-10},
url = {https://www.drupal.org/node/1536790}
}

@ONLINE{twig-doc:Online,
author = {{SensioLabs}},
title = {{Twig Documentation}},
year = {n.d.},
urldate = {2016-11-11},
url = {http://twig.sensiolabs.org/documentation}
}

@ONLINE{jinja:Online,
author = {Ronacher, Armin},
title = {{Jinja}},
year = {2014},
urldate = {2016-11-11},
url = {http://jinja.pocoo.org/}
}

@ONLINE{django:Online,
author = {{Django Software Foundation}},
title = {{Django}},
year = {2005},
urldate = {2016-11-11},
url = {https://www.djangoproject.com/}
}

@incollection{theme-engine:Online,
author = {Shreves, Ric},
title = {{Learning the Basics of Drupal Theming}},
booktitle = {Drupal 7 Themes},
year = {2011},
publisher = {Packt Publishing},
chapter = {1},
}

@ONLINE{theme:Online,
author = {{Drupal.org}},
title = {{Overview of theme files}},
year = {2007},
month = {August},
day = {28},
urldate = {2016-11-14},
url = {https://www.drupal.org/docs/7/theming/overview-of-theme-files}
}

@ONLINE{css:Online,
author = {{W3C}},
title = {{CSS introduction}},
year = {n.d.},
urldate = {2016-11-14},
url = {http://www.w3schools.com/css/css_intro.asp}
}

@ONLINE{div:Online,
author = {{W3C}},
title = {{HTML `div' Tag}},
year = {n.d.},
urldate = {2016-11-16},
url = {http://www.w3schools.com/tags/tag_div.asp}
}

@ONLINE{angry-themer:dcnw12:Online,
author = {{DrupalCamp NW}},
title = {{``The Angry Themer! MortenDK Keynote at Drupal Camp NW 2012 [Video file]}},
year = {2012},
month = {November},
day = {2012},
urldate = {2016-11-16},
url = {https://vimeo.com/54387556}
}

@ONLINE{base-theme:Online,
author = {{Drupal.org}},
title = {{Using Base Themes}},
year = {2010},
month = {November},
day = {24},
urldate = {2016-11-18},
url = {https://www.drupal.org/node/980434}
}

@ONLINE{badcamp2012:Online,
author = {{BadCamp}},
title = {{BadCamp 2012}},
year = {2012},
urldate = {2016-11-21},
url = {http://2012.badcamp.net/}
}

@ONLINE{morten-history:Online,
author = {Birch, Morten},
title = {{DrupalCon 2006 Brussels}},
year = {2016},
month = {October},
day = {18},
urldate = {2016-11-21},
url = {http://www.morten.dk/drupalcon-2006-brussels}
}

@ONLINE{d4dcamp:Online,
author = {{Drupal Design Camp Boston}},
title = {{Drupal Design Camp Boston June 13-14, 2009}},
year = {2009},
month = {May},
day = {25},
urldate = {2016-11-24},
url = {https://web.archive.org/web/20090525121937/http://boston.design4drupal.org/}
}

@ONLINE{d4dgroup:Online,
author = {Drupal.org},
title = {{D4D Group}},
year = {2009},
month = {March},
day = {8},
urldate = {2016-11-24},
url = {https://groups.drupal.org/taxonomy/term/8152}
}

@ONLINE{d4dcamp_eur:Online,
author = {Drupal.org},
title = {{Drupal Design Camp Prague}},
year = {2010},
month = {October},
day = {11},
urldate = {2016-11-24},
url = {https://www.drupal.org/node/938174}
}

@ONLINE{fe_united:Online,
author = {Lanyrd.com},
title = {{Frontend United}},
year = {2012},
urldate = {2016-11-24},
url = {http://lanyrd.com/2012/frontend-united/}
}

@ONLINE{consensus-banana:Online,
author = {Drupal.org},
title = {{[meta] Results of Drupalcon Austin's Consensus Banana}},
year = {2014},
month = {June},
day = {20},
urldate = {2016-11-24},
url = {https://www.drupal.org/node/2289511}
}

@ONLINE{d8-official-initiatives:Online,
author = {Drupal.org},
title = {{Drupal 8 official initiatives}},
year = {2013},
month = {October},
day = {8},
urldate = {2016-11-25},
url = {https://www.drupal.org/node/2107085}
}

@ONLINE{d8-all-initiatives:Online,
author = {Drupal.org},
title = {{Drupal core initiatives and topics}},
year = {2009},
month = {January},
day = {21},
urldate = {2016-11-25},
url = {https://www.drupal.org/community-initiatives/drupal-core}
}

@ONLINE{d8-new-initiatives:Online,
author = {Drupal.org},
title = {{Updates from Drupal 8 core initiatives for November 2016}},
year = {2016},
month = {November},
day = {16},
urldate = {2016-11-25},
url = {https://groups.drupal.org/node/515176}
}

@ONLINE{d8-new-theme-in-core:Online,
author = {Drupal.org},
title = {{Create a new user-facing core theme}},
year = {2016},
month = {July},
day = {3},
urldate = {2016-11-25},
url = {https://www.drupal.org/node/2759849}
}
@ONLINE{twig-morten-interview:Online,
author = {{Modules Unraveled}},
title = {{All things Drupal 8 and Twig with Mortendk [Audio podcast]}},
year = {2014},
month = {May},
day = {7},
urldate = {2016-11-28},
url = {https://modulesunraveled.com/podcast/106-all-things-drupal-8-and-twig-mortendk-modules-unraveled-podcast}
}

@ONLINE{twig-core-guidelines:Online,
author = {{Drupal.org}},
title = {{Twig and the new theme layer in Drupal 8}},
year = {2013},
month = {May},
day = {13},
urldate = {2016-11-28},
url = {https://www.drupal.org/node/2008464}
}

@ONLINE{d8-release:Online,
author = {{Drupal.org}},
title = {{Drupal 8.0.0 released}},
year = {2015},
month = {November},
day = {19},
urldate = {2016-11-29},
url = {https://www.drupal.org/blog/drupal-800-released}
}

@incollection{engestrom_future_2009,
	title = {{The future of activity theory: A rough draft}},
	booktitle = {{Learning and expanding with Activity Theory}},
    author={Engestr{\"o}m, Yrj{\"o}},
	editor = {Sannino, Annalisa and Daniels, Harry and Guti{\'e}rrez, Kris D},
	year = {2009},
	publisher={Cambridge University Press},
	chapter = {19},
	pages = {303--328}
}

@incollection{trist1981evolution,
  title={{The evolution of socio-technical systems : a conceptual framework and an action research program}},
  author={Trist, Eric},
  booktitle={{Perspectives on organization design and behavior}},
  editor={Joyce, William F and Van de Ven, Andrew H},
  publisher={Wiley},
  pages={19-75},
  year={1981}
}

@book{castells2011rise,
 author = {Castells, Manuel},
 title = {{The Rise of the Network Society}},
 year = {1996},
 isbn = {1557866171},
 edition = {1st},
 publisher = {Blackwell Publishers, Inc.},
 address = {Cambridge, MA, USA},
}

@article{engestrom2016using,
  title={Using activity theory: experiences of organizational authorship},
  author={Engestr{\"o}m, Yrj{\"o} and Scaratti, Giuseppe},
  journal={Journal of Workplace Learning},
  volume={28},
  number={4},
  year={2016},
  pages = {170-173},
  doi = {10.1108/JWL-03-2016-0018},
  URL = {https://doi.org/10.1108/JWL-03-2016-0018}
}

@incollection{dochy2011inter,
  title={{Inter-organisational expansive learning at work}},
  author={Dochy, Filip and Engestr{\"o}m, Yrj{\"o} and Sannino, Annalisa and Van Meeuwen, Niel},
  pages={125--147},
  year={2011},
 booktitle = {{Theories of learning for the workplace. Building blocks for training and professional development programs}},
editor = {Dochy, Filip and Gijbels, David and Segers, Mien and Van den Bossche, Piet},
year = {2015},
publisher = {Routledge},
}

@article{spinuzzi2014nonemployer,
  title={{How Nonemployer Firms Stage-Manage Ad Hoc Collaboration: An Activity Theory Analysis}},
  author={Spinuzzi, Clay},
  journal={Technical Communication Quarterly},
  volume={23},
  number={2},
  pages={88--114},
  year={2014},
  publisher={Taylor \& Francis},
  doi = {10.1080/10572252.2013.797334},
  URL = {http://dx.doi.org/10.1080/10572252.2013.797334},
}

@incollection{engestrom-myco,
  title={{From communities of practice to mycorrhizae}},
  author={Engestr{\"o}m, Yrj{\"o}},
  chapter={4},
  pages={41--54},
  year={2007},
  booktitle={{Communities of practice: Critical perspectives}},
  editor={Hughes, Jason and Jewson, Nick and Unwin, Lorna},
  publisher={Routledge London}
}

@book{wenger1998communities,
  title={{Communities of practice: Learning, meaning, and identity}},
  author={Wenger, Etienne},
  year={1998},
  publisher={Cambridge University Press}
}

@article{dennen2014becoming,
title = {{Becoming a blogger: Trajectories, norms, and activities in a community of practice}},
journal = "Computers in Human Behavior",
volume = "36",
pages = "350 - 358",
year = "2014",
issn = "0747-5632",
doi = "http://dx.doi.org/10.1016/j.chb.2014.03.028",
url = "http://www.sciencedirect.com/science/article/pii/S0747563214001502",
author = {Dennen, Vanessa P.},
keywords = "Blog",
keywords = "Community of practice",
keywords = "Newcomer",
keywords = "Online community"
}

@article{sam2012activity,
author={Sam, Cecile},
title = {{Activity Theory and Qualitative Research in Digital Domains}},
journal = {Theory Into Practice},
volume = {51},
number = {2},
pages = {83-90},
year = {2012},
doi = {10.1080/00405841.2012.662856},
URL = {http://dx.doi.org/10.1080/00405841.2012.662856},
}

@article{yuen2015distributed,
author = {Yuen, JHP and Chen, DTV and Ng, David},
title = {{Distributed leadership through the lens of Activity Theory}},
journal = {Educational Management Administration \& Leadership},
volume = {44},
number = {5},
pages = {814-836},
year = {2016},
doi = {10.1177/1741143215570302},
URL = {http://dx.doi.org/10.1177/1741143215570302},
}

@book{yamagata2010understanding,
  title={{Activity Systems Analysis Methods: Understanding Complex Learning Environments}},
  author={Yamagata-Lynch, Lisa C},
  year={2010},
  publisher={Springer}
}

@article{hemetsberger2009collective,
  title={{Collective Development in Open-Source Communities: An Activity Theoretical Perspective on Successful Online Collaboration}},
  author={Hemetsberger, Andrea and Reinhardt, Christian},
  journal={Organization studies},
  volume={30},
  number={9},
  pages={987--1008},
  year={2009},
  doi = {10.1177/0170840609339241},
  URL = {http://dx.doi.org/10.1177/0170840609339241},
}

@ONLINE{gnome:Online,
author = {{Gnome.org}},
title = {{Gnome 3}},
year = {n.d.},
urldate = {2017-01-06},
url = {https://www.gnome.org/gnome-3/}
}

@ONLINE{oo:Online,
author = {{OpenOffice.org}},
title = {{Why Apache OpenOffice}},
year = {n.d.},
urldate = {2017-01-06},
url = {https://www.openoffice.org/why/index.html}
}

@book{ryan2010history,
  title={{A History of the Internet and the Digital Future}},
  author={Ryan, Johnny},
  year={2010},
  publisher={Reaktion Books}
}

@ONLINE{gnu-bulletin:Online,
author = {Stallman, Richard},
title = {{What is the Free Software Foundation?}},
year = {1986},
month = {February},
urldate = {2017-01-13},
url = {https://www.gnu.org/bulletins/bull1.txt}
}

@ONLINE{halloween:Online,
author = {Raymond, Eric S},
title = {{The Halloween Documents}},
year = {1998},
urldate = {2017-01-13},
url = {http://www.catb.org/~esr/halloween/}
}

@ONLINE{emacs:Online,
author = {{Emacs Wiki}},
title = {{Emacs History}},
year = {n.d.},
urldate = {2017-01-16},
url = {https://www.emacswiki.org/emacs/EmacsHistory}
}

@ONLINE{what-is-fs:Online,
author = {{Gnu.org}},
title = {{What is free software?}},
year = {2001},
month = {February},
day = {13},
urldate = {2017-01-16},
url = {https://www.gnu.org/philosophy/free-sw.en.html}
}

@article{deibel2014open,
author="Deibel, Eric",
title={{Open Genetic Code: on open source in the life sciences}},
journal="Life Sciences, Society and Policy",
year="2014",
volume="10",
number="1",
pages="2",
issn="2195-7819",
doi="10.1186/2195-7819-10-2",
url="http://dx.doi.org/10.1186/2195-7819-10-2"
}

@article{deibel2013open,
author = {Deibel, Eric},
title = {{Open Variety Rights: Rethinking the Commodification of Plants}},
journal = {Journal of Agrarian Change},
volume = {13},
number = {2},
issn = {1471-0366},
url = {http://dx.doi.org/10.1111/joac.12004},
doi = {10.1111/joac.12004},
pages = {282--309},
keywords = {commodity, patents, variety rights, bio-informatics, plant biotechnology},
year = {2013},
}

@incollection{milewski1997distributed,
author="Milewski, Bartosz",
editor="Conradi, Reidar",
title={{Distributed source control system}},
bookTitle={{Software Configuration Management: ICSE'97 SCM-7 Workshop Boston, MA, USA, May 18--19, 1997 Proceedings}},
year="1997",
publisher="Springer Berlin Heidelberg",
address="Berlin, Heidelberg",
pages="98--107",
isbn="978-3-540-69063-4",
doi="10.1007/3-540-63014-7_8",
url="http://dx.doi.org/10.1007/3-540-63014-7_8"
}

@ONLINE{ms-linux:Online,
author = {{Linux Foundation}},
title = {{Microsoft Fortifies Commitment to Open Source, Becomes Linux Foundation Platinum Member }},
year = {2016},
month = {November},
day = {16},
urldate = {2017-01-17},
url = {https://www.linuxfoundation.org/announcements/microsoft-fortifies-commitment-to-open-source-becomes-linux-foundation-platinum}
}

@ONLINE{ms-linux-forbes:Online,
author = {Lodge, Mathew},
title = {{Why Is Microsoft Showing So Much Interest In Linux?}},
year = {2016},
month = {December},
day = {7},
urldate = {2017-01-17},
url = {http://www.forbes.com/sites/quora/2016/12/07/why-is-microsoft-showing-so-much-interest-in-linux/#41143b7c4e5f}
}

@ONLINE{ms-linux-cw:Online,
author = {Vaughan-Nichols, Steven J.},
title = {{Open source has won, and Microsoft has surrendered}},
year = {2016},
month = {November},
day = {28},
urldate = {2017-01-17},
url = {http://www.computerworld.com/article/3144063/open-source-tools/open-source-has-won-and-microsoft-has-surrendered.html}
}

@ONLINE{black-duck-oss:Online,
author = {{Black Duck}},
title = {{The Tenth Annual Future of Open Source Survey}},
year = {2016},
urldate = {2017-01-17},
url = {https://www.blackducksoftware.com/2016-future-of-open-source}
}

@report{decreto-1014:Online,
author = {Correa, Rafael},
title = {{Decreto Ejecutivo Nº 1014}},
year = {2008},
institution = {{Presidencia de la Rep{\'u}blica del Ecuador}},
url = {https://softwarelibre.conocimiento.gob.ec/documentos-tecnicos/decreto-1014/}
}

@report{m1621-us:Online,
author = {Scott, Tony and Rung, Anna E},
title = {Federal Source Code Policy (M-16-21) [memorandum]},
year = {2016},
institution = {{Office of Management and Budget, White House}},
urldate = {2017-07-08},
url = {https://obamawhitehouse.archives.gov/sites/default/files/omb/memoranda/2016/m_16_21.pdf}
}

@article{lee2012open,
  title={{Open innovation in the public sector of leading countries}},
  author={Lee, Sang M and Hwang, Taewon and Choi, Donghyun},
  journal={Management Decision},
  volume={50},
  number={1},
  pages={147--162},
  year={2012},
  publisher={Emerald Group Publishing Limited},
  doi = {10.1108/00251741211194921},
  URL = {https://doi.org/10.1108/00251741211194921},
}

@article{baytiyeh2010open,
title = {{Open source software: A community of altruists}},
journal = "Computers in Human Behavior",
volume = "26",
number = "6",
pages = "1345 - 1354",
year = "2010",
note = "Online Interactivity: Role of Technology in Behavior Change",
issn = "0747-5632",
doi = "http://dx.doi.org/10.1016/j.chb.2010.04.008",
url = "http://www.sciencedirect.com/science/article/pii/S0747563210000828",
author = "Hoda Baytiyeh and Jay Pfaffman",
keywords = "Open source software",
keywords = "Motivations",
keywords = "Collaboration",
keywords = "Altruism",
keywords = "Factor analysis"
}

@article{bitzer2007intrinsic,
title = "Intrinsic motivation in open source software development",
journal = "Journal of Comparative Economics",
volume = "35",
number = "1",
pages = "160 - 169",
year = "2007",
issn = "0147-5967",
doi = "http://dx.doi.org/10.1016/j.jce.2006.10.001",
url = "http://www.sciencedirect.com/science/article/pii/S0147596706000643",
author={Bitzer, J{\"u}rgen and Schrettl, Wolfram and Schr{\"o}der, Philipp JH}
}

@proceedings{kolarec2013social,
  title={{Social capital as a factor of motivation for free/libre/open source software development}},
  author={Kolarec, Josip and Baji{\'c}, Milan and Jandri{\'c}, Petar},
  booktitle={{4th European Conference of Computer Science (ECCS'13)}},
  year={2013},
  url={http://bib.irb.hr/prikazi-rad?rad=665044},
  pages={208-215}
}

@article{subramanyam2008free,
  title={{Free/Libre Open Source Software development in developing and developed countries: A conceptual framework with an exploratory study}},
  author={Subramanyam, Ramanath and Xia, Mu},
  journal={Decision support systems},
  volume={46},
  number={1},
  pages={173--186},
  year={2008},
  publisher={Elsevier},
  doi = "http://dx.doi.org/10.1016/j.dss.2008.06.006",
  url = "http://www.sciencedirect.com/science/article/pii/S016792360800119X",
}

@article{von2012carrots,
  title={Carrots and rainbows: Motivation and social practice in open source software development},
  author={Von Krogh, Georg and Haefliger, Stefan and Spaeth, Sebastian and Wallin, Martin W},
  journal={MIS quarterly},
  volume={36},
  number={2},
  pages={649--676},
  year={2012}
}

@article{bonaccorsi2006entry,
author = {Andrea Bonaccorsi and Silvia Giannangeli and Cristina Rossi},
title = {{Entry Strategies Under Competing Standards: Hybrid Business Models in the Open Source Software Industry}},
journal = {Management Science},
volume = {52},
number = {7},
pages = {1085-1098},
year = {2006},
doi = {10.1287/mnsc.1060.0547},
URL = {https://doi.org/10.1287/mnsc.1060.0547},
}

@proceedings{teixeira2014collaboration,
 author = {Teixeira, Jose and Lin, Tingting},
 title = {{Collaboration in the Open-source Arena: The Webkit Case}},
 booktitle = {{Proceedings of the \nth{52} ACM Conference on Computers and People Research}},
 series = {SIGSIM-CPR '14},
 year = {2014},
 isbn = {978-1-4503-2625-4},
 location = {Singapore},
 pages = {121--129},
 numpages = {9},
 url = {http://doi.acm.org/10.1145/2599990.2600009},
 doi = {10.1145/2599990.2600009},
 acmid = {2600009},
 publisher = {ACM},
}

@article{teixeira2015lessons,
  title={{Lessons learned from applying social network analysis on an industrial Free/Libre/Open Source Software ecosystem}},
  author={Teixeira, Jose and Robles, Gregorio and Gonz{\'a}lez-Barahona, Jes{\'u}s M},
  journal={Journal of Internet Services and Applications},
  volume={6},
  number={1},
  pages={14},
  year={2015},
  doi="10.1186/s13174-015-0028-2",
  url="http://dx.doi.org/10.1186/s13174-015-0028-2"
}

@proceedings{teixeira2016cooperation,
  title={{Cooperation among competitors in the open-source arena: The case of OpenStack}},
  author={Teixeira, Jose and Mian, Salman and Hytti, Ulla},
  year={2016},
  booktitle = {{International Conference on Information Systems (ICIS 2016)}},
  url = {https://ssrn.com/abstract=2891652},
}

@article{mateos2008institutions,
  title={{The institutions of open source software: Examining the Debian community}},
  author={Mateos-Garc{\'i}a, Juan and Steinmueller, W Edward},
  journal={Information Economics and Policy},
  volume={20},
  number={4},
  pages={333--344},
  year={2008},
  publisher={Elsevier},
  doi = "http://dx.doi.org/10.1016/j.infoecopol.2008.06.001",
  url = "http://www.sciencedirect.com/science/article/pii/S0167624508000346",
}

@article{kuk2006strategic,
  title={{Strategic interaction and knowledge sharing in the KDE developer mailing list}},
  author={Kuk, George},
  journal={Management Science},
  volume={52},
  number={7},
  pages={1031--1042},
  year={2006},
  publisher={INFORMS},
  doi = {10.1287/mnsc.1060.0551},
  URL = {https://doi.org/10.1287/mnsc.1060.0551},
}

@article{crowston2005social,
  	author = {Kevin Crowston and James Howison},
	title = {{The social structure of free and open source software development}},
	journal = {First Monday},
	volume = {10},
	number = {2},
	year = {2005},
	issn = {13960466},	doi = {10.5210/fm.v10i2.1207},
	url = {http://firstmonday.org/ojs/index.php/fm/article/view/1207}
}

@article{demaziere2007functioning,
  title={{The Functioning of a Free Software Community}},
  author={Demazi{\`e}re, Didier and Horn, Fran{\c{c}}ois and Zune, Marc},
  journal={Science Studies},
  volume={20},
  number={2},
  pages={34--54},
  year={2007},
  url={https://sciencetechnologystudies.journal.fi/article/view/55211}
}

@incollection{glaser2007social,
  title={{The Social Order of Open Source Software Production}},
  author={Gl{\"a}ser, Jochen},
  booktitle={{Handbook of Research on Open Source Software: Technological, Economic, and Social Perspectives}},
  editor={Amant, Kirk St and Still, Brian},
  pages={168--182},
  chapter={14},
  year={2007},
  publisher={IGI Global}
}

@article{o2007emergence,
  title={{The emergence of governance in an open source community}},
  author={O'Mahony, Siobh{\'a}n and Ferraro, Fabrizio},
  journal={Academy of Management Journal},
  volume={50},
  number={5},
  pages={1079--1106},
  year={2007},
  publisher={Academy of Management},
  doi={10.5465/AMJ.2007.27169153}
}

@report{arvidssoncommons,
  title={{Commons Based Peer Production in the Information Economy. Deliverable 4.3.1}},
  author={Arvidsson, Adam and Caliandro, Alessandro and Cossu, Alberto and Deka, Maitrayee and others},
  year={2016},
  institution={P2PValue},
  url = {https://p2pvalue.eu/wp-content/uploads/2013/07/Deliverable_4.3.1.pdf},
  pages = {29-85},
}

@phdthesis{fuster2010governance,
  title={{Governance of Online Creation Communities: Provision of infrastructure for the building of digital commons}},
  author={Fuster-Morell, Mayo},
  url = {http://hdl.handle.net/1814/14709},
  school={European University Institute},
  year={2010}
}

@incollection{hess2007understanding,
  title={{Introduction: An Overview of the Knowledge Commons}},
  chapter = {1},
  pages = {3--26},
  author={Hess, Charlotte and Ostrom, Elinor},
  booktitle={{Understanding Knowledge as a Commons: From Theory to Practice}},
  editor={Hess, Charlotte and Ostrom, Elinor},
  year={2007},
  publisher={MIT Press}
}

@proceedings{hess2008mapping,
  title={{Mapping the New Commons}},
  author={Hess, Charlotte},
  year={2008},
  doi={http://dx.doi.org/10.2139/ssrn.1356835 },
  booktitle={Governing Shared Resources: Connecting Local Experience to
  Global Challenges.},
  organization={International Association for the Study of the Commons, University of Gloucestershire}
}

@proceedings{morell2016mayo,
  title={{Mapping the common based peer production: A crowd-sourcing experiment}},
  author={Salcedo, Jorge Luis and Fuster-Morell, Mayo and Berlinguer, Marco and Mart{\'\i}nez, Rub{\'\e}n and Tebbens,  Wouter},
  booktitle={Internet, Politics, and Policy},
  year={2014},
  organization={Oxford Internet Institute},
  url={http://ipp.oii.ox.ac.uk/sites/ipp/files/documents/IPP2014_Maldonado.pdf}
}

@article{bauwens2014communism,
  title={From the communism of capital to capital for the commons: Towards an open co-operativism},
  author={Bauwens, Michel and Kostakis, Vasilis},
  journal={tripleC: Communication, Capitalism \& Critique. Open Access Journal for a Global Sustainable Information Society},
  volume={12},
  number={1},
  pages={356--361},
  year={2014},
  url = {http://triple-c.at/index.php/tripleC/article/view/561}
}


@incollection{kaptelinin2012,
  author      = {Kaptelinin , Victor},
  title       = {{Activity Theory}},
  editor      = {Soegaard, Mads and Dam, Rikke Friis},
  booktitle   = {{The Encyclopedia of Human-Computer Interaction}},
  publisher   = {The Interaction Design Foundation},
  year        = {2012},
  chapter = {16},
  url={https://www.interaction-design.org/literature/book/the-encyclopedia-of-human-computer-interaction-2nd-ed/activity-theory}
}

@inbook{nardi2006activity,
  title={Activity theory in a nutshell},
  author={Nardi, B and Kaptelinin, V},
  chapter = {3},
  pages = {29-72},
  booktitle={{Acting with technology: Activity Theory and Interaction Design}},
  year={2006}
}

@article{engestrom2006well,
title = {{From Well-Bounded Ethnographies to Intervening in Mycorrhizae Activities}},
  author={Engestr{\"o}m, Yrj{\"o}},
  journal={Organization Studies},
  volume={27},
  number={12},
  pages={1783--1793},
  year={2006},
  publisher={Sage Publications},
  doi = {10.1177/0170840606071898},
  URL = {http://dx.doi.org/10.1177/0170840606071898}
}

@book{giddens2011runaway,
  title={{Runaway world: How Globalisation is Reshaping Our Lives}},
  author={Giddens, Anthony},
  edition={2},
  year={2011},
  publisher={Profile books}
}

@book{ciborra2002labyrinths,
  title={{The labyrinths of information: Challenging the wisdom of systems}},
  author={Ciborra, Claudio},
  year={2002},
  publisher={Oxford University Press}
}

@article{spinuzzi2011losing,
  title={{Losing by expanding: Corralling the runaway object}},
  author={Spinuzzi, Clay},
  journal={Journal of Business and Technical Communication},
  volume={25},
  number={4},
  pages={449--486},
  year={2011},
  publisher={SAGE Publications Sage CA: Los Angeles, CA},
  doi = {10.1177/1050651911411040},
  URL = { http://dx.doi.org/10.1177/1050651911411040}
}

@book{engestrom2008teams,
  title={{From teams to knots: Activity-theoretical studies of collaboration and learning at work}},
  author={Engestr{\"o}m, Yrj{\"o}},
  year={2008},
  publisher={Cambridge University Press}
}

%% Drupal Stats
@ONLINE{drupal-history:2017:Online,
author = {Drupal.org},
title = {{History}},
year = {n.d.},
urldate = {2017-02-10},
url = {https://www.drupal.org/about/history}
}

@ONLINE{drupal-getting-involved:2017:Online,
author = {Drupal.org},
title = {{Getting involved}},
year = {n.d.},
urldate = {2017-02-10},
url = {https://www.drupal.org/getting-involved}
}

@ONLINE{meetup:2017:Online,
author = {Meetup.com},
title = {{About Meetup}},
year = {n.d.},
urldate = {2017-02-11},
url = {https://www.meetup.com/about/}
}


@ONLINE{drupal-growth:2017:Online,
author = {Gundersen, Eric},
title = {{How extensive is Drupal?}},
year = {2005},
month = {September},
day = {11},
urldate = {2017-02-11},
url = {https://web.archive.org/web/20070626033709/http://www.developmentseed.org/blog/node/347}
}

@article{chadwick2005internet,
author = {Andrew Chadwick},
title = {{Digital Network Repertoires and Organizational Hybridity}},
journal = {Political Communication},
volume = {24},
number = {3},
pages = {283-301},
year = {2007},
doi = {10.1080/10584600701471666},
URL = {http://dx.doi.org/10.1080/10584600701471666}
}

@incollection{lebkowsky2005deanspace,
  title={{Deanspace, social networks, and politics}},
  author={Lebkowsky, Jon},
  bootitle={Extreme Democracy},
  editor={Lebkowsky, Jon and Ratcliffe, Mitch},
  chapter={17},
  year={2005},
  url={http://www.extremedemocracy.com/archives/2005/02/chapter_17_dean.html}
}

@ONLINE{drupal-marketplace:2017:Online,
author = {Drupal.org},
title = {{Marketplace}},
year = {n.d.},
urldate = {2017-02-14},
url = {https://www.drupal.org/drupal-services}
}

@ONLINE{drupal-acquia-7m:2017:Online,
author = {Morrison, Chris},
title = {{Acquia raises \$7M for Drupal platform}},
year = {2007},
month = {December},
day = {20},
urldate = {2017-02-14},
url = {http://venturebeat.com/2007/12/20/acquia-raises-7m-for-drupal-platform/}
}

@ONLINE{drupal-acquia-fastest:2017:Online,
author = {Deloitte.com},
title = {{ Technology Fast 500 2013 Ranking}},
year = {2013},
urldate = {2017-02-14},
url = {https://web.archive.org/web/20140527091027/http://www.deloitte.com/view/en_GB/uk/index.htm}
}

@ONLINE{symfony:2017:Online,
author = {Symfony.com},
title = {{What is Symfony}},
year = {n.d.},
urldate = {2017-02-15},
url = {https://symfony.com/what-is-symfony}
}

@ONLINE{getting-off-island:2017:Online,
author = {Garfield, Larry},
title = {{Getting off the island in 2013}},
year = {2012},
month = {December},
day = {31},
urldate = {2017-02-15},
url = {http://www.garfieldtech.com/blog/off-the-island-2013}
}

@ONLINE{drupal-8-symfony-webservices:2017:Online,
author = {Drupal.org},
title = {{Add Symfony2 HttpFoundation library to core}},
year = {2011},
month = {August},
day = {30},
urldate = {2017-02-15},
url = {https://www.drupal.org/node/1178246}
}

@ONLINE{drupal-8-symfony-webservices2:2017:Online,
author = {Drupal.org},
title = {{Research on two HTTP libraries}},
year = {2011},
month = {August},
day = {8},
urldate = {2017-02-15},
url = {https://groups.drupal.org/node/167299}
}

@ONLINE{php:2017:Online,
author = {PHP.net},
title = {{What is PHP?}},
year = {n.d.},
urldate = {2017-02-15},
url = {http://php.net/manual/en/intro-whatis.php}
}

@ONLINE{oss-size:2017:Online,
author = {Berkholz, Donnie},
title = {{The size of open-source communities and its impact upon activity, licensing, and hosting}},
year = {2013},
month = {April},
day = {22},
urldate = {2017-02-15},
url = {http://redmonk.com/dberkholz/2013/04/22/the-size-of-open-source-communities-and-its-impact-upon-activity-licensing-and-hosting/}
}

@ONLINE{drupalcon-locations:2017:Online,
author = {{Drupal Association}},
title = {{Locations and Attendance}},
year = {n.d.},
urldate = {2017-02-15},
url = {https://www.drupal.org/association/drupalcon/locations}
}

@proceedings{suh2009singularity,
 author = {Suh, Bongwon and Convertino, Gregorio and Chi, Ed H. and Pirolli, Peter},
 title = {{The Singularity is Not Near: Slowing Growth of Wikipedia}},
 booktitle = {Proceedings of the 5th International Symposium on Wikis and Open Collaboration},
 series = {WikiSym '09},
 year = {2009},
 isbn = {978-1-60558-730-1},
 location = {Orlando, Florida},
 pages = {8:1--8:10},
 articleno = {8},
 numpages = {10},
 url = {http://doi.acm.org/10.1145/1641309.1641322},
 doi = {10.1145/1641309.1641322},
 acmid = {1641322},
 publisher = {ACM},
 address = {New York, NY, USA},
 keywords = {Wikipedia, growth, logistic model, population, power law, resistance},
}

@ONLINE{drupal-7million:2017:Online,
author = {Drupal.org},
title = {{7 million reasons to consider democratising Drupal?}},
year = {2007},
month = {December},
day = {20},
urldate = {2017-02-20},
url = {https://www.drupal.org/node/202638}
}

@article{barabasi2000scale,
title={{Scale-free characteristics of random networks: the topology of the world-wide web}},
author={Barab{\'a}si, Albert-L{\'a}szl{\'o} and Albert, R{\'e}ka and Jeong, Hawoong},
journal = "Physica A: Statistical Mechanics and its Applications",
volume = "281",
number = "1",
pages = "69 - 77",
year = "2000",
issn = "0378-4371",
doi = "http://dx.doi.org/10.1016/S0378-4371(00)00018-2",
url = "http://www.sciencedirect.com/science/article/pii/S0378437100000182"
}

@incollection{gilbert2015self,
title = {Self-Organizing Dynamical Systems},
editor = "Wright, James D. ",
booktitle = "International Encyclopedia of the Social \& Behavioral Sciences",
publisher = "Elsevier",
edition = "Second Edition",
address = "Oxford",
year = "2015",
pages = "529-534",
isbn = "978-0-08-097087-5",
doi = "https://doi.org/10.1016/B978-0-08-097086-8.43086-2",
url = "http://www.sciencedirect.com/science/article/pii/B9780080970868430862",
author = "Nigel Gilbert and David Anzola and Peter Johnson and Corinna Elsenbroich and Tina Balke and Ozge Dilaver",
}

@article{anzola2016self,
author="Anzola, David and Barbrook-Johnson, Peter and Cano, Juan I.",
title="Self-organization and social science",
journal="Computational and Mathematical Organization Theory",
year="2017",
volume="23",
number="2",
pages="221--257",
issn="1572-9346",
doi="10.1007/s10588-016-9224-2",
url="http://dx.doi.org/10.1007/s10588-016-9224-2"
}

@ONLINE{deprecate:2017:Online,
author = {Christensson, P.},
title = {{Deprecated Definition}},
year = {2015},
month = {February},
day = {25},
urldate = {2017-02-21},
url = {https://techterms.com/definition/deprecated}
}

@ONLINE{drupal-numbering-01:2017:Online,
author = {Drupal.org},
title = {{New version number convention for core}},
year = {2006},
month = {September},
day = {25},
urldate = {2017-03-01},
url = {https://www.drupal.org/node/85943}
}

@ONLINE{drupal-numbering-02:2017:Online,
author = {Drupal.org},
title = {{Drupal core's version numbers are changing to 2 digits}},
year = {2006},
month = {September},
day = {30},
urldate = {2017-03-01},
url = {https://www.drupal.org/node/86823}
}

@ONLINE{drupal-numbering-03:2017:Online,
author = {Drupal.org},
title = {{Version numbers}},
year = {2009},
month = {May},
day = {19},
urldate = {2017-03-01},
url = {https://www.drupal.org/docs/7/choosing-drupal-version/version-numbers}
}

@ONLINE{drupal-numbering-04:2017:Online,
author = {Drupal.org},
title = {{Drupal core release cycle: major, minor, and patch releases}},
year = {2014},
month = {November},
day = {28},
urldate = {2017-03-01},
url = {https://www.drupal.org/core/release-cycle-overview}
}

@ONLINE{lan:2017:Online,
author = {Christensson, P.},
title = {{LAN Definition}},
year = {2016},
month = {December},
day = {29},
urldate = {2017-03-01},
url = {https://techterms.com/definition/lan}
}

@article{bowen2009document,
author = {Glenn A. Bowen},
title = {{Document Analysis as a Qualitative Research Method}},
journal = {Qualitative Research Journal},
volume = {9},
number = {2},
pages = {27-40},
year = {2009},
doi = {10.3316/QRJ0902027},
URL = {https://doi.org/10.3316/QRJ0902027},
}

@book{edwards2013qualitative,
  title={What is qualitative interviewing?},
  author={Edwards, Rosalind and Holland, Janet},
  year={2013},
  publisher={A\&C Black}
}

@article{benkler2013practical,
author = {Yochai Benkler},
title = {{Practical Anarchism. Peer Mutualism, Market Power, and the Fallible State}},
journal = {Politics \& Society},
volume = {41},
number = {2},
pages = {213-251},
year = {2013},
doi = {10.1177/0032329213483108},
URL = {http://dx.doi.org/10.1177/0032329213483108}
}

@ONLINE{vignette:2017:Online,
author = {CMSMatrix.org},
title = {{Vignette Web Content Management}},
year = {n.d.},
urldate = {2017-03-29},
url = {http://www.cmsmatrix.org/matrix/cms-matrix/vignette-web-content-management-now-opentext-web-experience-management-}
}

@ONLINE{cms-proprietary:2017:Online,
author = {CMSReview.com},
title = {{List of proprietary CMS}},
year = {n.d.},
urldate = {2017-03-29},
url = {http://www.cmsreview.com/Proprietary/directory.html}
}

@ONLINE{cms-history:2017:Online,
author = {Stephens, Robin A},
title = {{Content Management Systems - The History and the Future}},
year = {2008},
month = {November},
day = {7},
urldate = {2017-03-29},
url = {http://ezinearticles.com/?Content-Management-Systems---The-History-and-the-Future&id=1665607}
}

@book{paterson2005building,
  title={{Building Websites with PHP-Nuke}},
  author={Paterson, Douglas},
  year={2005},
  publisher={Packt Publishing Ltd}
}

@ONLINE{typo3:2017:Online,
author = {Typo3.com},
title = {{The History of TYPO3}},
year = {n.d.},
urldate = {2017-03-29},
url = {https://typo3.org/about/the-history-of-typo3/}
}

@ONLINE{women-in-drupal:2017:Online,
author = {Drupal.org},
title = {{Women in Drupal (Formerly DrupalChix)}},
year = {2008},
month = {March},
day = {9},
urldate = {2017-04-03},
url = {https://groups.drupal.org/women-drupal}
}

@report{uniS-data-management:2017:Online,
author = {Mereweather, Suzie},
title = {{Research Data Management}},
year = {2014},
version = {3},
institution={Information Compliance Unit -- Business Support and Traded Services, University of Surrey},
url = {http://www.surrey.ac.uk/policies/research_data_management_policy.pdf}
}

@incollection{palys2008purposive,
  title={{Purposive sampling}},
  author={Palys, Ted},
  booktitle={{The SAGE Encyclopedia of Qualitative Research Methods}},
  volume={2},
  editor = {Given, Lisa M},
  pages={697--698},
  year={2008},
  publisher={Sage}
}

@article{brannick2007defense,
author = {Teresa Brannick and David Coghlan},
title = {In Defense of Being ``Native": The Case for Insider Academic Research},
journal = {Organizational Research Methods},
volume = {10},
number = {1},
pages = {59-74},
year = {2007},
doi = {10.1177/1094428106289253},
URL = {http://dx.doi.org/10.1177/1094428106289253}
}

@article{alvesson2003methodology,
author="Alvesson, Mats",
title={{Methodology for close up studies -- struggling with closeness and closure}},
journal="Higher Education",
year="2003",
day="01",
volume="46",
number="2",
pages="167--193",
abstract="The paper critically reviews some themesand methods within qualitative research andargues for self-ethnography as an approach tostudy universities and other settings which theresearcher is highly familiar with, and hasdirect access to. Advantages and disadvantagesare discussed. In particular the strugglebetween utilizing closeness to empirically richsituations and avoid the closure following frombeing (staying) native is highlighted. Someideas for self-ethnographic work inorganization studies are developed.",
issn="1573-174X",
doi="10.1023/A:1024716513774",
url="http://dx.doi.org/10.1023/A:1024716513774"
}

@incollection{nielsen1993nearness,
  title={{From nearness to distance --- and back: on analyzing your own organization}},
  author={Nielsen, Jens C Ry and Repstad, P{\aa}l},
  booktitle={{Papers in organisation, 14}},
  publisher={Institute of Organization and Industrial Sociology, Copenhagen Business School},
  year={1993}
}

@article{kanuha2000being,
author = {Kanuha, Valli Kalei},
title = {{``Being" Native versus ``Going Native": Conducting Social Work Research as an Insider}},
journal = {Social Work},
volume = {45},
number = {5},
pages = {439},
year = {2000},
doi = {10.1093/sw/45.5.439},
URL = {http://dx.doi.org/10.1093/sw/45.5.439}
}

%%%% From contrib paper - might be duplicates

@book{linebaugh2008magna,
  title={{The Magna Carta manifesto: liberties and commons for all}},
  author={Linebaugh, Peter},
  year={2008},
  publisher={University of California Press}
}

@article{VonKrogh2006,
jstor_articletype = {research-article},
title = {{The Promise of Research on Open Source Software}},
author = {Georg Von Krogh and Eric Von Hippel},
journal = {Management Science},
jstor_issuetitle = {{Open Source Software}},
volume = {52},
number = {7},
jstor_formatteddate = {Jul., 2006},
pages = {975-983},
url = {http://www.jstor.org/stable/20110574},
ISSN = {00251909},
language = {English},
year = {2006},
publisher = {INFORMS},
copyright = {Copyright © 2006 INFORMS}
}

@book{coleman2013coding,
  title={{Coding freedom: The ethics and aesthetics of hacking}},
  author={Coleman, E Gabriella},
  year={2013},
  publisher={Princeton University Press},
  url = {http://gabriellacoleman.org/Coleman-Coding-Freedom.pdf},
}

@report{p2pvalue-del12:Online,
author = {Fuster-Morell, Mayo and Berlinguer, Marco and Martínez, Rubén and Salcedo, Jorge Luis and others},
title = {{Theoretical synthesis: Final theoretical synthesis of WP1, including research reports on data collection. Deliverable 1.2}},
year = {2014},
institution={P2PValue},
url = {https://p2pvalue.eu/wp-content/uploads/legacy/files/u28/D12_31July_TheoreticalFindingsA%20%281%29.pdf}
}

@phdthesis{Sims2013,
author = {Sims, Jonathan Paul},
title = {{Interactive engagement with an open source community : a study of the relationships between organizations and an open source software community}},
url = {http://hdl.handle.net/2152/21792},
school={University of Texas},
year = {2013}
}

@ONLINE{Bollier2014,
author = {Bollier, David},
url = {http://www.bollier.org/blog/affective-labor-lifeblood-commons},
mendeley-groups = {FLOSS/Identity},
title = {{Affective Labor as the Lifeblood of a Commons}},
urldate = {2014-06-02},
year = {2014},
month = {May},
day = {24},
}

@book{mason2002qualitative,
  title={{Qualitative researching}},
  author={Mason, Jennifer},
  edition = {2},
  year={2002},
  publisher={Sage}
}

@article{lapp20072006,
  title={{The 2006 NESCent phyloinformatics hackathon: a field report}},
  author={Lapp, Hilmar and Bala, Sendu and Balhoff, James P and others},
  journal={Evolutionary Bioinformatics Online},
  volume={3},
  pages={287},
  year={2007},
  publisher={Libertas Academica},
  url={https://www.ncbi.nlm.nih.gov/pmc/articles/PMC2684128/}
}

@article{crowston2012free,
 title={{Free/Libre open-source software development: What we know and what we do not know}},
 author = {Crowston, Kevin and Wei, Kangning and Howison, James and Wiggins, Andrea},
 journal = {ACM Comput. Surv.},
 issue_date = {February 2012},
 volume = {44},
 number = {2},
 year = {2008},
 issn = {0360-0300},
 pages = {7:1--7:35},
 articleno = {7},
 numpages = {35},
 url = {http://doi.acm.org/10.1145/2089125.2089127},
 doi = {10.1145/2089125.2089127},
 acmid = {2089127},
 publisher = {ACM},
 address = {New York, NY, USA},
 keywords = {Free/Libre open-source software, computer-mediated communication, development, distributed work},
}

@article{wittel2013counter,
  title={{Counter-commodification: The economy of contribution in the digital commons}},
  author={Wittel, Andreas},
  journal={Culture and Organization},
  volume={19},
  number={4},
  pages={314--331},
  year={2013},
  publisher={Taylor and Francis},
  doi = {10.1080/14759551.2013.827422},
  URL = {http://dx.doi.org/10.1080/14759551.2013.827422},
}

@incollection{de39measuring,
title={{Measuring Value in the Commons-Based Ecosystem: Bridging the Gap Between the Commons and the Market}},
author={De Filippi, Primavera and Hassan, Samer},
booktitle = {{An Intervention in Digital Economy}},
editor = {Lovink, Geert and Tkacz, Nathaniel},
year = {2015},
publisher = {The MoneyLab Reader, Institute of Network Cultures},
url = {https://papers.ssrn.com/sol3/papers.cfm?abstract_id=2725399}
}

@mastersthesis{nordinmotivation2014,
	title = {Motivation and {Collaboration} in an {Open} {Source} {Project}: {A} {Qualitative} {Study} of the {Drupal} {Community}},
	school = {Bentley University},
	author = {Nordin, Danielle},
	year = {2014},
}

% First literature review

% Motivations
@article{bergquist2001power,
author = {Bergquist, Magnus and Ljungberg, Jan},
title = {{The power of gifts: organizing social relationships in open source communities}},
journal = {Information Systems Journal},
volume = {11},
number = {4},
publisher = {Blackwell Science Ltd},
issn = {1365-2575},
url = {http://dx.doi.org/10.1046/j.1365-2575.2001.00111.x},
doi = {10.1046/j.1365-2575.2001.00111.x},
pages = {305--320},
keywords = {Gift culture, open source, peer review},
year = {2001}
}

@TECHREPORT{dalle2003allocation,
title = {The Allocation of Software Development Resources In ‘Open Source’ Production Mode},
author = {Dalle, Jean-Michel and David, Paul},
year = {2005},
institution = {EconWPA},
type = {Industrial Organization},
url = {http://EconPapers.repec.org/RePEc:wpa:wuwpio:0502011}
}


@report{ghosh2002free,
  title={{Free/libre and open source software: Survey and study. Deliverable 18}},
  author={Ghosh, Rishab A and Glott, Ruediger and Krieger, Bernhard and Robles, Gregorio},
  year={2002},
  institution={International Institute of Infonomics, University of Maastrich},
}

@report{lakhani2003hackers,
  title={{Why Hackers Do What They Do: Understanding Motivation and Effort in Free/Open Source Software Projects}},
  author={Lakhani, Karim and Wolf, Robert G},
  year={2003},
  publisher={MIT Sloan working paper},
  number={4425-03},
  doi={http://dx.doi.org/10.2139/ssrn.443040 }
}

@report{stenborg2004explaining,
  title={{Explaining open source}},
  author={Stenborg, Markku},
  year={2004},
  institution={{ETLA Discussion Papers, The Research Institute of the Finnish Economy (ETLA)}},
  url={http://hdl.handle.net/10419/63888}
}

%organisation

@article{franck2002reconciling,
author="Franck, Egon and Jungwirth, Carola",
title={{Reconciling Rent-Seekers and Donators -- The Governance Structure of Open Source}},
journal="Journal of Management and Governance",
year="2003",
volume="7",
number="4",
pages="401--421",
issn="1572-963X",
doi="10.1023/A:1026261005092",
url="http://dx.doi.org/10.1023/A:1026261005092"
}

@article{dempsey2002open,
 author = {Dempsey, Bert J. and Weiss, Debra and Jones, Paul and Greenberg, Jane},
 title = {{Who is an Open Source Software Developer?}},
 journal = {Commun. ACM},
 issue_date = {February 2002},
 volume = {45},
 number = {2},
 year = {2002},
 issn = {0001-0782},
 pages = {67--72},
 numpages = {6},
 url = {http://doi.acm.org/10.1145/503124.503125},
 doi = {10.1145/503124.503125},
 acmid = {503125},
 publisher = {ACM},
 address = {New York, NY, USA},
}

@article{koch2002effort,
author = {Koch, Stefan and Schneider, Georg},
title = {{Effort, co-operation and co-ordination in an open source software project: GNOME}},
journal = {Information Systems Journal},
volume = {12},
number = {1},
publisher = {Blackwell Science Ltd},
issn = {1365-2575},
url = {http://dx.doi.org/10.1046/j.1365-2575.2002.00110.x},
doi = {10.1046/j.1365-2575.2002.00110.x},
pages = {27--42},
keywords = {Case study, effort estimation, open source software, software development, software metrics},
year = {2002},
}

@article{grewal2006location,
  title={{Location, location, location: How network embeddedness affects project success in open source systems}},
  author={Grewal, Rajdeep and Lilien, Gary L and Mallapragada, Girish},
  journal={Management Science},
  volume={52},
  number={7},
  pages={1043--1056},
  year={2006},
  publisher={Informs},
  doi = {10.1287/mnsc.1060.0550},
  URL = {https://doi.org/10.1287/mnsc.1060.0550}
}

@article{maccormack2006exploring,
author = {Alan MacCormack and John Rusnak and Carliss Y. Baldwin},
title = {{Exploring the Structure of Complex Software Designs: An Empirical Study of Open Source and Proprietary Code}},
journal = {Management Science},
volume = {52},
number = {7},
pages = {1015-1030},
year = {2006},
doi = {10.1287/mnsc.1060.0552},
URL = {https://doi.org/10.1287/mnsc.1060.0552},
}

% second review

%model

@article{ilgen2005teams,
  title={{Teams in organizations: From input-process-output models to IMOI models}},
  author={Ilgen, Daniel R and Hollenbeck, John R and Johnson, Michael and Jundt, Dustin},
  journal={Annual Review of Psychology},
  volume={56},
  pages={517--543},
  year={2005},
  publisher={Annual Reviews},
  doi={https://doi.org/10.1146/annurev.psych.56.091103.070250}
}

% inputs

@proceedings{luthiger2005fun,
  title={{Fun and software development}},
  author={Luthiger, Benno},
  booktitle={{Proceedings of the \nth{1} International Conference on Open Source Systems}},
  venue={Genova},
  editor={Scotto, Marco and Succi, Giancarlo},
  pages={273-278},
  year={2005}
}

@proceedings{robles2005evolution,
  title={{Evolution of volunteer participation in libre software projects: evidence from Debian}},
  author={Robles, Gregorio and Gonz{\'a}lez-Barahona, Jesus M and Michlmayr, Martin},
  booktitle={{Proceedings of the \nth{1} International Conference on Open Source Systems}},
  editor={Scotto, Marco and Succi, Giancarlo},
  pages={100--107},
  venue={Genova},
  year={2005}
}

@article{fershtman2007open,
author="Fershtman, Chaim and Gandal, Neil",
title={{Open source software: Motivation and restrictive licensing}},
journal="International Economics and Economic Policy",
year="2007",
volume="4",
number="2",
pages="209--225",
issn="1612-4812",
doi="10.1007/s10368-007-0086-4",
url="http://dx.doi.org/10.1007/s10368-007-0086-4"
}

%outputs
@article{bezroukov1999second,
	author = {Nikolai Bezroukov},
	title = {{A second look at the Cathedral and the Bazaar}},
	journal = {First Monday},
	volume = {4},
	number = {12},
	year = {1999},
	issn = {13960466},
	doi = {10.5210/fm.v4i12.708},
	url = {http://firstmonday.org/ojs/index.php/fm/article/view/708}
}

@article{samoladas2004open,
 author = {Samoladas, Ioannis and Stamelos, Ioannis and Angelis, Lefteris and Oikonomou, Apostolos},
 title = {{Open Source Software Development Should Strive for Even Greater Code Maintainability}},
 journal = {Commun. ACM},
 issue_date = {October 2004},
 volume = {47},
 number = {10},
 year = {2004},
 issn = {0001-0782},
 pages = {83--87},
 numpages = {5},
 url = {http://doi.acm.org/10.1145/1022594.1022598},
 doi = {10.1145/1022594.1022598},
 acmid = {1022598},
 publisher = {ACM},
 address = {New York, NY, USA},
}

@article{gyimothy2005empirical,
  title={{Empirical validation of object-oriented metrics on open source software for fault prediction}},
  author={Gyimothy, Tibor and Ferenc, Rudolf and Siket, Istvan},
  journal={IEEE Transactions on Software Engineering},
  volume={31},
  number={10},
  pages={897--910},
  year={2005},
  doi={10.1109/TSE.2005.112},
  ISSN={0098-5589},
  publisher={IEEE}
}

@article{de2005handling,
title = {{Handling variety: the tension between adaptability and interoperability of open source software}},
journal = {Computer Standards \& Interfaces},
volume = "28",
number = "1",
pages = "109 - 121",
year = "2005",
issn = "0920-5489",
doi = "http://dx.doi.org/10.1016/j.csi.2004.12.004",
url = "http://www.sciencedirect.com/science/article/pii/S0920548904001527",
author = "de Joode, Ruben van Wendel  and Egyedi, Tineke M.",
}

@proceedings{mockus2000case,
author={A. Mockus and R. T. Fielding and J. Herbsleb},
booktitle={{Proceedings of the 2000 International Conference on Software Engineering. ICSE 2000 the New Millennium}},
title={{A case study of open source software development: the Apache server}},
year={2000},
pages={263-272},
doi={10.1145/337180.337209},
ISSN={0270-5257},
}


@article{mockus2002two,
 author = {Mockus, Audris and Fielding, Roy T. and Herbsleb, James D.},
 title = {{Two Case Studies of Open Source Software Development: Apache and Mozilla}},
 journal = {{ACM Transactions on Software Engineering and Methodology}},
 issue_date = {July 2002},
 volume = {11},
 number = {3},
 year = {2002},
 issn = {1049-331X},
 pages = {309--346},
 numpages = {38},
 url = {http://doi.acm.org/10.1145/567793.567795},
 doi = {10.1145/567793.567795},
 acmid = {567795},
 publisher = {ACM},
 address = {New York, NY, USA},
}

@article{crowston2006hierarchy,
author="Crowston, Kevin and Howison, James",
title={{Hierarchy and centralization in free and open source software team communications}},
journal={Knowledge, Technology \& Policy},
year="2006",
volume="18",
number="4",
pages="65--85",
issn="1874-6314",
doi="10.1007/s12130-006-1004-8",
url="http://dx.doi.org/10.1007/s12130-006-1004-8"
}

@article{lakhani2003open,
  title={{How open source software works: ``free" user-to-user assistance}},
  author={Lakhani, Karim R and Hippel, Eric Von},
  journal={Research policy},
  volume={32},
  number={6},
  pages={923--943},
  year={2003},
  publisher={Elsevier},
  doi = "http://dx.doi.org/10.1016/S0048-7333(02)00095-1",
  url = "http://www.sciencedirect.com/science/article/pii/S0048733302000951",
}

@article{freeman2007material,
  title={{The Material and Social Dynamics of Motivation: Contributions to Open Source Language Technology Development}},
  author={Freeman, Stephanie},
  journal={Science Studies},
  volume={20},
  number={2},
  pages={55--77},
  year={2007},
  url={https://sciencetechnologystudies.journal.fi/article/view/55212}
}

@article{fang2009understanding,
  title={Understanding sustained participation in open source software projects},
  author={Fang, Yulin and Neufeld, Derrick},
  journal={Journal of Management Information Systems},
  volume={25},
  number={4},
  pages={9--50},
  year={2009},
  publisher={Taylor \& Francis},
  doi = {10.2753/MIS0742-1222250401},
 URL = {http://www.tandfonline.com/doi/abs/10.2753/MIS0742-1222250401}
}

@article{zeitlyn2003gift,
title = {{Gift economies in the development of open source software: anthropological reflections}},
journal = "Research Policy",
volume = "32",
number = "7",
pages = "1287 - 1291",
year = "2003",
issn = "0048-7333",
doi = "10.1016/S0048-7333(03)00053-2",
url = "http://www.sciencedirect.com/science/article/pii/S0048733303000532",
author = "David Zeitlyn",
}

@article{yochai2006wealth,
  title={The wealth of networks: how social production transforms markets and freedom},
  author = {Benkler, Yochai},
  journal={Yale UP},
  year={2006}
}

@article{Fuster2014,
title = {{Theoretical synthesis: Final theoretical synthesis of WP1, including research reports on data collection (REPORT)}},
author = {Fuster Morell, M. and others},
pages = {369-446},
url = {http://p2pvalue.eu/sites/default/files/u28/D12_31July_TheoreticalFindingsA%20%281%29.pdf},
year = {2014}
}

@article{hackman1975group,
  title={Group tasks, group interaction process, and group performance effectiveness: A review and proposed integration},
  author={Hackman, J Richard and Morris, Charles G},
  journal={Advances in experimental social psychology},
  volume={8},
  pages={45--99},
  year={1975},
  publisher={Elsevier},
  issn = "0065-2601",
  doi = "http://dx.doi.org/10.1016/S0065-2601(08)60248-8",
  url = "http://www.sciencedirect.com/science/article/pii/S0065260108602488",
}

@ONLINE{d8rules:2016:Online,
author = {{Drupal8rules}},
title = {{Drupal8rules}},
year = {n.d.},
urldate = {2016-06-21},
url = {http://d8rules.org/}
}

%%%% END From contrib paper - might be duplicates

@article{wang2016institutional,
  title={{Institutional and Entrepreneurial Engagement in Commons-Based Peer Production}},
  author={Wang, Rong and Cheliotis, Giorgos},
  journal={International Journal of Communication},
  volume={10},
  pages={22},
  year={2016},
  url={http://ijoc.org/index.php/ijoc/article/view/4248}
}

@article{schweik2013preliminary,
  title={{Preliminary steps toward a general theory of internet-based collective-action in digital information commons: Findings from a study of open source software projects}},
  author={Schweik, Charles and English, Robert},
  journal={International Journal of the Commons},
  volume={7},
  number={2},
  pages={234-254},
  year={2013},
  doi={http://doi.org/10.18352/ijc.397}
}

@article{gonzalez2013understanding,
  title={{Understanding how companies interact with free software communities}},
  author={Gonz{\'a}lez-Barahona, Jesus M and Izquierdo-Cort{\'a}zar, Daniel and Maffulli, Stefano and Robles, Gregorio},
  journal={IEEE software},
  year={2013},
  volume={30},
  number={5},
  pages={38-45},
  doi={10.1109/MS.2013.95},
  ISSN={0740-7459}, 
}

@article{aloni201691washlrev1397,
  title={Pluralizing the ``Sharing" Economy},
  author={Aloni, Erez},
  journal={Washington Law Review},
  volume={91},
  number={4},
  year={2016},
  publisher={University of Washington},
  url={ http://hdl.handle.net/1773.1/1636}
}

@ONLINE{bbc-collab:2017:Online,
author = {Finkelstein, Sydney},
title = {{Will there be a revolt in the sharing economy?}},
year = {2015},
month = {March},
day = {26},
urldate = {2017-07-02},
url = {http://www.bbc.com/capital/story/20150325-revolt-in-the-sharing-economy}
}

@report{euc-collab:2017:Online,
author = {{European Comission}},
title = {{A European agenda for the collaborative economy}},
year = {2016},
month = {June},
day = {2},
urldate = {2017-07-06},
url = {http://ec.europa.eu/DocsRoom/documents/16881}
}

@ONLINE{mayo-unicorns:2017:Online,
author = {Permuy, Rubén},
title = {{Mayo Fuster: ``The international financial system impedes the growth of the collaborative economy"}},
year = {2017},
month = {May},
day = {30},
urldate = {2017-07-04},
url = {http://www.uoc.edu/portal/en/ri/difusio-publicacions/noticies/noticies-OSRT/2017/noticia_entrevista_Mayo_Fuster.html}
}

@ONLINE{faircoop-faq:2017:Online,
author = {Troncoso, Stacco},
title = {{Questions and Answers: A FairCoop FAQ}},
year = {2014},
month = {December},
day = {25},
urldate = {2017-07-03},
url = {http://fair.coop/questions-and-answers-a-faircoop-faq/}
}

@book{swan2015blockchain,
  title={{Blockchain: Blueprint for a new economy}},
  author={Swan, Melanie},
  year={2015},
  publisher={O'Reilly}
}

@ONLINE{CAPS:2017:Online,
author = {{European Comission}},
title = {{Collective Awareness Platforms for Sustainability and Social Innovation}},
year = {2015},
month = {February},
day = {12},
urldate = {2017-07-04},
url = {https://ec.europa.eu/digital-single-market/en/collective-awareness}
}

@ONLINE{decidim-bcn:2017:Online,
author = {{Decidim Barcelona}},
title = {{LAB Metadecidim - Sessió 5. Governança democràtica d'infraestructures digitals público-comunes}},
year = {2017},
month = {July},
day = {29},
urldate = {2017-07-29},
url = {https://meta.decidim.barcelona/processes/31/f/87/meetings/898?locale=es}
}


@report{nakamoto2008bitcoin,
  title={{Bitcoin: A peer-to-peer electronic cash system}},
  author={Nakamoto, Satoshi},
  year={2008},
  url={https://bitcoin.org/bitcoin.pdf}
}

@article{engestrom2001,
  author={Engestr{\"o}m, Yrj{\"o}},
title = {{Expansive Learning at Work: Toward an activity theoretical reconceptualization}},
journal = {Journal of Education and Work},
volume = {14},
number = {1},
pages = {133-156},
year = {2001},
doi = {10.1080/13639080020028747},
URL = {http://www.tandfonline.com/doi/abs/10.1080/13639080020028747}
}

@ONLINE{drupal-contributed:2013:Online,
author = {Drupal.org},
title = {{Contributed modules}},
year = {2008},
month = {November},
day = {28},
urldate = {2017-07-28},
url = {https://www.drupal.org/node/340271}
}

@ONLINE{drupal-never-hack-core:2013:Online,
author = {Drupal.org},
title = {{Never hack core}},
year = {2007},
month = {May},
day = {16},
urldate = {2017-07-28},
url = {https://www.drupal.org/docs/7/site-building-best-practices/never-hack-core}
}

@book{mason2016postcapitalism,
  title={{Postcapitalism: A guide to our future}},
  author={Mason, Paul},
  year={2016},
  publisher={Macmillan}
}

@article{bauwens2014communism,
  title={{From the communism of capital to capital for the commons: Towards an open co-operativism}},
  author={Bauwens, Michel and Kostakis, Vasilis},
  journal={{tripleC: Communication, Capitalism \& Critique. Open Access Journal for a Global Sustainable Information Society}},
  volume={12},
  number={1},
  pages={356--361},
  year={2014}
}

@report{generalitatcollab2017,
  title={{Informe de la Comissió Interdepartamental de l’Economia Col·laborativa: Propostes per a un bon encaix de l’economia col·laborativa i de plataformes a Catalunya}},
  author={{Generalitat de Catalunya}},
  year={2017},
  month={September},
  day={5},
  urldate = {2017-09-11},
  url={http://economia.gencat.cat/web/.content/70_economia_catalana/arxius/economia-collaborativa/informe-comissio-eco-collaborativa.pdf}
}

@ONLINE{elpais-collab:2017:Online,
author = {Subirats, Joan},
title = {{Desprotección digital}},
year = {2017},
month = {July},
day = {5},
urldate = {2017-09-11},
url = {https://elpais.com/ccaa/2017/07/05/catalunya/1499282835_698560.html}
}

@article{Matei2015178,
title = "Pareto's 80/20 law and social differentiation: A social entropy perspective ",
journal = "Public Relations Review ",
volume = "41",
number = "2",
pages = "178 -- 186",
year = "2015",
note = "Digital Publics ",
issn = "0363-8111",
doi = "https://doi.org/10.1016/j.pubrev.2014.11.006",
url = "http://www.sciencedirect.com/science/article/pii/S0363811114001787",
author = "Sorin Adam Matei and Robert J. Bruno",
}

@INPROCEEDINGS{6480229,
author={K. Crowston and N. Jullien and F. Ortega},
booktitle={{46th Hawaii International Conference on System Sciences}},
title={{Is Wikipedia Inefficient? Modelling Effort and Participation in Wikipedia}},
year={2013},
pages={3197--3206},
doi={10.1109/HICSS.2013.368},
month={Jan},
}

@inproceedings{kittur2007power,
  title={{Power of the few vs. wisdom of the crowd: Wikipedia and the rise of the bourgeoisie}},
  author={Kittur, Aniket and Chi, Ed and Pendleton, Bryan A and Suh, Bongwon and Mytkowicz, Todd},
  booktitle={{Proceedings  of  the 25th  Annual ACM Conference on Human Factors in Computing Systems (CHI 2007)}},
  pages={1--9},
  year={2007},
  month={April},
  publisher={ACM},
  location = {San Jose, CA, USA},
}

@article{ijgi1020146,
AUTHOR = {Neis, Pascal and Zipf, Alexander},
TITLE = {{Analyzing the Contributor Activity of a Volunteered Geographic Information Project --- The Case of OpenStreetMap}},
JOURNAL = {{ISPRS International Journal of Geo-Information}},
VOLUME = {1},
YEAR = {2012},
NUMBER = {2},
PAGES = {146--165},
URL = {http://www.mdpi.com/2220-9964/1/2/146},
ISSN = {2220-9964},
DOI = {10.3390/ijgi1020146}
}

@article{doi:10.1179/000870410X12911304958827,
author = {Mordechai Haklay and Sofia Basiouka and Vyron Antoniou and Aamer Ather},
title = {{How Many Volunteers Does it Take to Map an Area Well? The Validity of Linus’ Law to Volunteered Geographic Information}},
journal = {{The Cartographic Journal}},
volume = {47},
number = {4},
pages = {315-322},
year = {2010},
doi = {10.1179/000870410X12911304958827},
URL = {http://dx.doi.org/10.1179/000870410X12911304958827}
}

@ONLINE{conflict-drupal-donna:Online,
author = {Benjamin, Donna},
title = {{Constructive Conflict Resolution in the Drupal Community}},
year = {2014},
month = {October},
day = {16},
urldate = {2017-09-13},
url = {https://www.previousnext.com.au/blog/constructive-conflict-resolution-drupal-community}
}

@inbook{arvidsson2013ethical,
  booktitle={{The ethical economy: Rebuilding value after the crisis}},
  title={{Value crisis}},
  chapter = {1},
  pages = {1-19},
  author={Arvidsson, Adam and Peitersen, Nicolai},
  year={2013},
  publisher={{Columbia University Press}},
  isbn={978-0-231-15264-8}
}